3312 5250
784 515 818 580 11

220 698 327 764 edidit.
378 699 508 764 Aoristo
545 698 648 764 utitur
685 717 782 762 sensu
819 697 1031 763 lamentandi:
1068 697 1141 762 Hel.
1182 697 1255 762 186:
1288 695 1393 759 ’έλανιεν

219 805 369 881 αἰνίγμασι
399 806 563 880 στένουσα,
598 807 697 885 atque
728 804 811 868 adeo
843 803 995 868 cantandi
1017 803 1166 886 —quod
1197 802 1271 867 vide
1292 821 1392 884 quam

220 911 314 990 longe
336 909 512 974 abhorreat
533 909 574 974 ab
596 929 657 973 usu
680 909 870 972 Homerico!
892 945 932 952 -
947 908 1019 973 Alc.
1037 909 1096 972 317
1110 905 1184 984 πρὸς
1195 905 1283 982 λίβον
1294 912 1394 969 λακεῖν

219 1013 318 1076 αὐλόν.
361 1015 473 1079 Dicere
494 1014 548 1079 Or.
573 1015 649 1078 162:
670 1013 757 1076 έόινια
780 1012 904 1088 ’έλανενς
933 1014 998 1094 iph.
1022 1013 1059 1078 T.
1078 1013 1154 1092 461,
1177 1013 1231 1076 Tr.
1244 1013 1312 1089 769,
1325 1012 1392 1075 Ion.

221 1122 289 1186 777.
331 1120 516 1184 Perfectum
547 1119 664 1182 λέλαιια
686 1119 824 1182 occurrit
846 1118 923 1183 Hec.
945 1119 1021 1182 678:
1043 1119 1142 1194 Zoana
1164 1118 1313 1190 λέλακας,
1336 1117 1394 1181 sed

219 1224 323 1306 magis
353 1224 519 1307 primitiva
550 1221 794 1305 significatione.
826 1223 907 1290 ibid.
940 1223 1017 1287 1110
1050 1222 1154 1284 λέλανι’
1185 1221 1239 1280 ἁνοί
1261 1221 1393 1298 στρατὸν

167 1379 172 1384 ,
220 1330 305 1410 οἰχὼς
321 1329 424 1410 -Hipp.
446 1330 501 1393 55:
523 1328 636 1398 πολὺς.
654 1377 659 1388 .
675 1372 680 1386 .
698 1377 703 1390 ,
728 1331 909 1402 προσπόλων
924 1376 929 1388 .
947 1377 952 1388 .
970 1376 976 1388 .
995 1375 1000 1386 .
1025 1334 1126 1400 νὼμος
1147 1326 1283 1389 λέλανεν.

259 1435 357 1518 Apud
378 1436 537 1500 Pmornun
558 1453 625 1498 non
645 1433 770 1514 tegitur.

258 1665 374 1728 Restat
404 1665 441 1725 ut
472 1662 635 1744 quaedam
668 1661 775 1727 dicam
804 1663 845 1727 de
872 1665 1084 1730 substantivis
1105 1662 1285 1741 nonnullo,
1308 1681 1393 1743 quae

219 1770 282 1834 huc
303 1767 476 1850 pertinent⁴
509 1766 656 1844 Quorum
677 1768 819 1849 primum
841 1771 910 1833 esto
931 1772 1047 1846 μολπή.
1077 1767 1393 1834 Derivaturaverbo

220 1875 328 1952 μέλπω
351 1872 439 1953 quod
460 1872 575 1946 legitur
596 1873 685 1954 apud
705 1873 993 1938 HonrauuAAtt:
1015 1875 1185 1953 μέλποντες
1197 1877 1390 1959 ρενὰρεργον·

220 1974 286 2038 aa&
306 1977 394 2057 φρένα
416 1976 547 2052 ’τέρπετ’
569 1976 690 2038 ἁκούων.
725 1977 829 2054 Quem
851 1979 957 2042 locum
979 1979 1020 2042 ab
1034 1978 1221 2044 Aristarcho
1237 1979 1393 2044 reiectum

221 2104 291 2148 esse
311 2082 411 2147 refert
431 2081 632 2146 Aristonicus
653 2082 686 2145 l'n
708 2084 848 2148 scholio:
871 2082 914 2144 ’ότι
936 2090 1060 2161 νομίσας
1081 2108 1126 2154 τις
1144 2084 1196 2144 σὸν
1214 2086 1393 2146 Ἀπόλλωνα

219 2191 351 2256 Παιήονα
374 2188 506 2262 είρῆσθαι
527 2187 713 2263 προσέθηκεν
734 2186 832 2248 αὐτὸν.
853 2189 901 2253 ναί
912 2195 1026 2264 γίνεται
1037 2191 1224 2265 δισσολογία
1238 2195 1392 2266 προείρηκε

218 2293 279 2370 γὰρ
304 2298 345 2371 ,οἱ
368 2291 399 2353 δὲ
420 2293 590 2370 πανημέριοι
611 2298 718 2381 μολπῇ
739 2291 809 2354 θεὸν
830 2296 1024 2357 ίλόισνονσο.“’

258 2397 447 2478 significare
479 2400 589 2462 autem
620 2397 749 2462 videtur
780 2399 841 2462 hoc
869 2399 938 2462 loco
962 2406 1057 2462 οινιιίιι
1077 2406 1105 2463 et
1125 2401 1208 2463 coitu
1230 2399 1392 2495 celebrere.

219 2502 365 2566 Medium
405 2502 521 2583 legitur
550 2503 580 2562 Σ
611 2503 690 2566 604ε
728 2506 809 2580 μετα
841 2504 873 2564 δέ
904 2525 970 2585 σφιν
1000 2503 1151 2580 ἐμέλπετο
1184 2511 1264 2575 θεῖος
1296 2502 1391 2574 ἀοιδὸς

221 2609 368 2688 φορμίζων
390 2607 425 2671 εί.
449 2608 468 2670 ὃ
491 2608 547 2683 17,
570 2630 585 2666 ν
606 2609 644 2672 17
665 2608 722 2671 ubi
741 2608 857 2690 fidibus
878 2629 987 2702 cancre
1009 2609 1151 2673 denotat.

257 2713 287 2773 Σ
317 2712 379 2776 604
398 2731 445 2793 sq.
467 2712 548 2790 μετὰ
568 2713 599 2773 δέ
619 2733 686 2792 σφιν
707 2747 746 2756 -
767 2714 914 2794 φορμίζων
936 2713 1074 2778 aberant
1096 2733 1116 2777 a
1136 2716 1227 2778 textu
1248 2713 1390 2776 Aristar·

218 2819 314 2898 cheu,
336 2818 370 2881 in
391 2818 543 2881 omnihus
555 2817 717 2882 codicibus
729 2818 861 2898 desunt,
885 2818 1021 2882 Wolfius
1043 2819 1176 2883 demum
1186 2818 1390 2884 hunclocum

217 2924 249 2988 in
282 2927 407 2988 textum
441 2923 577 2987 inseruit
605 2943 644 2987 ex
667 2924 837 2988 Athenaeo
859 2924 899 3001 (V
919 2945 950 3006 p.
975 2925 1029 2988 181
1054 2924 1095 3004 on,
1116 2925 1172 2989 ubi
1197 2922 1390 3000 „delevisse”

219 3049 258 3093 ea
285 3029 387 3094 verba
408 3029 524 3093 dicitur
544 3028 772 3093 Aristarchus:
801 3049 886 3110 quae
907 3048 1008 3111 quarn
1029 3029 1108 3095 levis
1129 3029 1170 3093 sit
1191 3029 1310 3093 fabella
1332 3016 1390 3107 au-

217 3137 321 3216 paret,
342 3134 369 3198 si
392 3134 586 3198 conferimus
606 3135 625 3194 δ
649 3135 684 3197 17
706 3154 770 3216 sq-,
792 3153 870 3197 nam
892 3135 945 3198 illo
967 3135 1037 3199 loco
1059 3133 1390 3212 „desuoinseruisse”

219 3239 334 3305 eadem
360 3240 415 3303 iila
435 3239 537 3303 verba
559 3257 632 3302 cum
653 3238 766 3302 vicinis
788 3239 904 3304 dicitur
924 3239 1133 3304 Aristarchus
1155 3240 1196 3303 ab
1217 3239 1390 3302 Athenaeo

218 3346 237 3410 l.
260 3346 280 3408 l.
301 3379 342 3388 -
364 3343 432 3406 Hos
455 3343 551 3423 igitur
571 3343 658 3406 locos
679 3343 706 3407 si
728 3343 905 3424 mittimus,
927 3347 1029 3408 restat
1050 3345 1083 3408 in
1105 3347 1196 3409 textu
1217 3342 1391 3407 Homerico

217 3469 302 3513 unus
322 3467 435 3512 versus
458 3469 472 3505 ν
494 3447 549 3527 97,
570 3448 626 3511 ubi
647 3447 861 3512 Friedtimder
882 3448 1016 3512 coniecit
1038 3448 1263 3513 Aristarchum
1275 3447 1390 3528 legisse

217 3552 346 3614 έὸαίνντο
367 3553 418 3616 vel
439 3553 505 3616 tale
527 3551 692 3632 quiddam.
715 3553 842 3616 tFriedt.
865 3552 908 3616 ad
929 3553 1147 3617 Aristonicum
1170 3553 1199 3616 A
1220 3553 1302 3628 471).

256 3659 291 3720 Π
325 3659 381 3721 182
412 3658 539 3732 ἠράσατ’
572 3656 755 3736 ὀφθαλμοῖσι
783 3657 868 3739 phou
898 3657 978 3734 μετὰ
1001 3659 1223 3745 μελπομένῃσιν
1244 3656 1272 3717 ἐν
1294 3659 1389 3737 χὸρῳ,

217 3763 272 3827 ubi
304 3764 541 3844 paraphrasta:
573 3763 639 3821 ίδων
671 3759 699 3822 έν
730 3771 795 3830 ταῖς
826 3762 965 3842 ᾀδούσαις
994 3760 1023 3823 ἓν
1044 3771 1086 3840 τῷ
1109 3765 1204 3842 χορῳ,
1233 3766 1282 3826 est
1302 3761 1389 3826 enim

216 3889 325 3932 cancre
345 3870 427 3932 inter
447 3866 636 3930 sartandum.
671 3867 699 3929 H
733 3867 787 3929 tAl
814 3868 895 3950 ροῖδα
917 3865 983 3928 aru
1004 3868 1113 3955 σταδίῃ
1134 3868 1201 3944 δηίῳ
1213 3867 1390 3944 μέλπεσθαι

217 3974 317 4048 ”Αρηι,
339 3972 384 4036 ibi
396 3972 500 4035 Schol.
513 3970 587 4034 AD:
600 3969 635 4030 τὸ
647 3968 679 4031 δὲ
689 3971 867 4047 μέλπεσθαι
878 3977 978 4048 κυρίως
990 3969 1044 4047 μέν
1057 3973 1169 4048 παίζειν
1181 3972 1198 4039 ἦ
1209 3972 1387 4046 τέρπεσθαι,

217 4083 264 4136 νῦν
294 4075 326 4138 δέ
358 4072 413 4136 οἷον
443 4084 587 4138 νινεῖσέιαι
618 4074 744 4156 εὐχερῶς
764 4077 813 4138 καὶ
833 4074 979 4154 ἐμπείρως
999 4076 1080 4139 κατὰ
1101 4077 1155 4142 τὴν
1176 4077 1291 4155 μάχην.
1319 4078 1389 4140 BL:

215 4182 338 4262 ὄρχησις
358 4180 419 4258 γὰρ
440 4181 488 4243 ιιαί
508 4179 608 4240 παιδιὰ
629 4185 767 4255 γενναίων
789 4181 802 4239 ὁ
824 4183 959 4257 πόλεμος
993 4179 1111 4247 πολλὴν
1132 4177 1164 4240 δέ
1175 4179 1319 4259 εὐχέρειαν
1330 4188 1389 4240 τῶν

215 4289 310 4348 δείνων
331 4285 459 4368 ἐμφαίνει
514 4285 579 4350 Sed
600 4285 778 4361 μέλπεσθαι
799 4305 866 4349 non
890 4286 1056 4350 estlnderc
1071 4285 1265 4366 seductore,
1287 4305 1390 4367 quare

215 4393 393 4475 μέλπεσθαι
422 4394 512 4468 ’Άρηι
540 4390 700 4472 significat
721 4389 857 4456 Martem
878 4391 1042 4456 saltatione
1063 4391 1230 4470 celebrare,
1253 4389 1389 4454 Martem
