3360 5250
849 511 889 574 66

282 693 380 772 poeta
399 689 543 755 indicare
564 689 665 753 voluit
685 708 860 767 rumorem,
883 689 938 771 qui
959 689 1002 754 ad
1023 692 1147 754 certum
1161 693 1328 756 auctorem
1341 691 1455 757 referri

283 800 426 875 nequeat
446 798 479 859 et
498 794 597 858 veluti
618 795 706 858 nullo
727 797 820 875 patre
841 799 938 858 natus
961 795 1192 859 circumvolitat
1209 795 1324 866 κούδείς
1342 787 1413 857 οἶδεν
1425 795 1458 878 ἐξ

283 899 349 960 ὅσον
370 898 468 980 ἐφάνη,
491 901 527 962 ut
543 900 575 961 in
586 899 707 962 Famae
719 899 801 962 atrio
812 900 899 980 apud
911 899 1064 962 Ovidium
1079 904 1282 976 „commenta
1292 905 1457 982 vagantur

282 1005 383 1070 millia
402 1004 599 1081 rumorum'',
625 1004 805 1085 „dubioque
826 1007 957 1069 auctore
978 1004 1129 1068 susurri.''
1155 1005 1203 1068 De
1226 1008 1384 1086 sanguine
1404 1006 1457 1070 Ai.

254 1143 257 1150 ⁴
282 1111 359 1174 376:
380 1107 498 1187 ἐρεμνόν
518 1103 581 1184 αἷμ’
604 1106 718 1168 ideone.

322 1215 501 1279 Arscnnus
521 1213 725 1276 substantivo
746 1211 880 1287 ’Ἔρεβος
901 1233 967 1276 non
986 1213 1095 1294 utitur,
1118 1213 1311 1278 adiectivum
1337 1213 1457 1292 ἐρεμνὸς
1549 1227 1552 1233 ·

283 1321 324 1386 de
344 1318 502 1400 sanguine
524 1321 629 1382 exstat
649 1337 715 1381 uno
737 1318 806 1381 loco
828 1316 887 1398 Ag.
913 1319 998 1381 1390.

321 1426 480 1490 Eunnmrs
510 1423 611 1486 habet
641 1420 775 1498 Ἔρεβος
806 1423 980 1487 Homerico
1010 1443 1107 1488 sensu
1130 1423 1201 1488 Hel.
1223 1424 1282 1488 517
1305 1445 1395 1507 sqq.:
1419 1427 1459 1497 ὡς

281 1530 433 1598 Μενέλαος
453 1528 532 1588 olera
555 1559 592 1570 -
613 1523 791 1606 μελαμφαὲς
811 1527 923 1607 οἴχεται
945 1563 981 1574 -
1001 1529 1035 1588 δι’
1059 1527 1192 1604 ’Ἔρεβος
1204 1528 1292 1608 χθονί
1304 1537 1455 1612 κρυφθείς.

282 1636 330 1701 uf.
352 1635 406 1700 Or.
430 1633 496 1698 177,
528 1634 670 1708 Ἐρεμνος
691 1633 731 1696 de
753 1632 836 1695 Orco
860 1619 986 1697 Heracl.
1009 1633 1078 1696 219.

321 1742 359 1807 ln
389 1741 517 1804 Panna
545 1739 674 1820 hymnis
705 1735 801 1800 huius
822 1738 938 1802 radicis
959 1739 1064 1802 solum
1086 1739 1256 1820 vestigium
1279 1743 1327 1804 est
1350 1741 1452 1823 ὄρφνα,

282 1847 385 1913 noctis
407 1844 561 1923 tenebrae,
582 1862 644 1907 nore
664 1841 713 1906 Ol.
734 1842 748 1906 1
769 1843 827 1923 73,
847 1843 920 1906 Xlli
940 1844 988 1908 70.
1010 1843 1106 1924 Pyth.
1131 1845 1142 1906 l
1164 1845 1212 1909 23.

798 2136 934 2214 ’ΈγχοςΙ

323 2285 409 2351 Satis
436 2287 551 2348 notum
582 2301 653 2346 esse
683 2281 818 2362 opinor,
850 2281 929 2362 quid
959 2281 1000 2346 sil
1028 2279 1063 2341 τὸ
1092 2281 1186 2362 ἔγχος
1208 2283 1242 2347 in
1265 2283 1455 2351 Homericis,

282 2391 418 2472 Proprie
450 2392 498 2454 est
525 2387 630 2466 hosta,
660 2405 726 2468 qua
746 2388 882 2449 utuntur
903 2387 1018 2450 heroes
1041 2387 1083 2450 ad
1105 2389 1231 2452 eminus
1254 2393 1286 2454 el
1307 2391 1455 2456 eominus

282 2496 512 2579 pugnandum,
544 2494 723 2571 composita
754 2511 793 2554 ex
821 2491 928 2554 hastili
950 2491 1005 2571 (σῴ
1027 2493 1111 2567 δορί),
1135 2493 1187 2556 cui
1208 2495 1315 2575 cuspis
1341 2495 1455 2574 (ἀκωκή

283 2603 350 2667 sive
367 2601 488 2681 xalippa)
519 2597 777 2680 praefigebatur,
800 2595 841 2659 ab
863 2596 966 2660 allera
985 2600 1080 2676 parle
1099 2600 1253 2672 σανρωσήρ
1275 2619 1299 2662 s,
1320 2597 1458 2678 οὐρίαχος

283 2707 428 2772 adiectus
457 2706 535 2768 erat.
578 2702 735 2788 Exempla
756 2701 920 2764 excribere
941 2721 1023 2784 opus
1045 2721 1111 2764 non
1134 2705 1201 2782 est,
1223 2706 1345 2784 passim
1367 2705 1457 2786 apud

282 2809 436 2876 Hounnuu
456 2811 571 2890 legitur
592 2809 674 2872 haec
694 2825 756 2870 vox
778 2811 810 2870 et
831 2807 1026 2870 locutionem
1046 2811 1136 2882 προίει
1157 2808 1344 2888 δολιχόσκιον
1355 2807 1452 2890 ἔγχος

283 2916 362 2982 satis
382 2915 494 2979 tritam
516 2917 548 2978 et
569 2913 733 2992 vulgatam
756 2930 825 2974 esse
849 2911 997 2974 arbitror.

322 3020 421 3100 Apud
441 3019 597 3082 Houuauu
617 3035 744 3096 semper
766 3016 888 3078 bostem
910 3015 1110 3096 significare,
1133 3017 1307 3082 observare
1330 3019 1458 3084 solebat

284 3126 509 3200 Aristarchus;
541 3123 604 3185 vid.
633 3120 835 3183 Aristonicus
860 3120 902 3183 ad
924 3122 952 3180 H
974 3122 1052 3184 273:
1075 3121 1122 3182 ναί
1145 3120 1177 3180 νύ
1196 3141 1230 3183 κο
1252 3121 1288 3187 δὴ
1309 3123 1455 3206 ξιφέεσσ]

283 3231 424 3304 adierim,
457 3226 501 3288 ὅτι
532 3226 636 3303 ἀρτίως
668 3222 714 3284 ἐπὶ
745 3223 780 3283 τὸ
812 3234 872 3294 τοῖς
892 3225 985 3304 ξίφεσι
1007 3233 1142 3304 χρῆσθαι
1164 3224 1355 3297 ἐληλύθασιν,
1383 3225 1457 3288 ὅταν

284 3335 415 3424 delibem
440 3332 498 3412 ,rb
520 3333 546 3394 δ’
569 3329 811 3407 ἐκσπασσαμένω
832 3329 931 3410 δολίχ’
954 3329 1069 3411 ’emer'
1092 3331 1175 3413 (225)
1198 3332 1238 3392 τὰ
1249 3333 1361 3410 δόρατα
1374 3333 1457 3409 λέγει

284 3438 316 3504 ἓν
337 3449 397 3501 τῶν
418 3439 551 3500 ἀσπίδων
572 3437 797 3505 &venaticam
1046 3510 1051 3517 .

325 3547 470 3612 Seriores
500 3543 561 3609 sibi
598 3544 632 3607 in
670 3545 814 3607 mentem
854 3541 1051 3614 induxerunt
1081 3543 1207 3624 poetice
1240 3548 1339 3626 atque
1372 3545 1455 3611 adeo

248 3698 250 3702 ν
285 3654 430 3732 ὁμηρικῶς
451 3659 492 3716 de
514 3651 627 3733 quovis
649 3649 712 3713 telo
734 3647 884 3728 usurpari
904 3667 999 3729 posse
1017 3646 1123 3730 ἔγχος,
1146 3650 1222 3714 hinc
1234 3651 1321 3733 apud
1333 3651 1455 3716 Soano-

285 3780 363 3825 curu
383 3757 512 3840 saepius
533 3775 592 3838 pro
612 3754 719 3838 plodio
741 3755 923 3818 adhibetur.
950 3753 1058 3818 Telum
1080 3756 1455 3840 quodcunquedenotat,

285 3866 322 3931 O.
343 3866 383 3930 R.
405 3863 483 3928 969:
505 3863 653 3944 ἄψαυστος
674 3859 795 3941 &liores
820 3859 867 3925 Cf.
889 3858 926 3923 Ο.
949 3860 983 3925 C.
1005 3861 1084 3942 699,
1107 3863 1223 3927 Trach.
1248 3863 1333 3928 1013.

328 3969 480 4036 Gladium
501 3969 660 4051 significat
669 3969 720 4032 Al.
732 3969 770 4032 95
783 3990 790 4032 :
812 3965 926 4048 ’έβαφας
937 3965 1031 4047 ἔγχος
1042 3957 1071 4026 ab
1082 3966 1156 4044 πρὸς
1168 3971 1307 4046 Ἀργείων
1317 3979 1454 4050 στρατῷ,

284 4077 341 4142 ubi
372 4077 480 4142 Pallas
501 4075 635 4152 Aiacem
656 4074 842 4139 dementem
863 4073 904 4137 de
925 4073 1075 4154 iugulatis
1097 4075 1195 4139 modo
1218 4077 1332 4140 ovibus
1354 4077 1455 4144 inler-

284 4187 386 4265 rogat.
429 4183 517 4267 ltem
540 4181 617 4259 287,
649 4181 727 4258 9073
759 4181 818 4244 658
847 4181 957 4244 autem
977 4180 1119 4261 placitum
1140 4201 1235 4246 sunm
1255 4183 1340 4246 Aiax
1360 4187 1457 4248 vocat

285 4286 432 4382 ἔχθιστον
451 4286 563 4362 βολον,
592 4288 680 4351 unde
702 4289 840 4368 apparet
861 4285 1011 4367 Sophocli
1032 4307 1099 4351 non
1120 4288 1229 4354 vivere
1255 4291 1336 4354 haec
1357 4310 1455 4356 voca-

285 4397 363 4464 bula
384 4394 494 4477 epira,
517 4395 638 4460 sedad
660 4396 884 4460 exornandam
905 4394 1080 4462 dictionem
1104 4398 1332 4462 cothurnatam
1351 4395 1454 4463 inser-
