<?xml version="1.0" encoding="UTF-8"?>
<!DOCTYPE html PUBLIC "-//W3C//DTD XHTML 1.0 Transitional//EN"
    "http://www.w3.org/TR/xhtml1/DTD/xhtml1-transitional.dtd">
<html xmlns="http://www.w3.org/1999/xhtml" xml:lang="en" lang="en">
 <head>
  <title>
</title>
<meta http-equiv="Content-Type" content="text/html;charset=utf-8" />
  <meta name='ocr-system' content='tesseract 3.04.00' />
  <meta name='ocr-capabilities' content='ocr_page ocr_carea ocr_par ocr_line ocrx_word'/>
</head>
<body>
  <div class='ocr_page' id='page_1' title='image "./studiatragicoho00kostgoog_0084.png"; bbox 0 0 3360 5250; ppageno 0'>
   <div class='ocr_carea' id='block_1_1' title="bbox 801 516 840 582">
    <p class='ocr_par' dir='ltr' id='par_1_1' title="bbox 801 516 840 582">
     <span class='ocr_line' id='line_1_1' title="bbox 801 516 840 582; baseline -0.051 0"><span class='ocrx_word' id='word_1_1' title='bbox 801 516 840 582; x_wconf 84' lang='lat'>67</span> 
     </span>
    </p>
   </div>
   <div class='ocr_carea' id='block_1_2' title="bbox 235 694 1416 1830">
    <p class='ocr_par' dir='ltr' id='par_1_2' title="bbox 235 694 1416 1302">
     <span class='ocr_line' id='line_1_2' title="bbox 235 694 1409 781; baseline -0.001 -21"><span class='ocrx_word' id='word_1_2' title='bbox 235 695 322 775; x_wconf 86' lang='lat' dir='ltr'>vire,</span> <span class='ocrx_word' id='word_1_3' title='bbox 353 715 433 760; x_wconf 88' lang='lat' dir='ltr'>nam</span> <span class='ocrx_word' id='word_1_4' title='bbox 463 717 571 779; x_wconf 88' lang='lat' dir='ltr'>neque</span> <span class='ocrx_word' id='word_1_5' title='bbox 599 695 727 781; x_wconf 77' lang='lat' dir='ltr'>plautino</span> <span class='ocrx_word' id='word_1_6' title='bbox 760 694 822 758; x_wconf 87' lang='lat' dir='ltr'>dici</span> <span class='ocrx_word' id='word_1_7' title='bbox 853 696 961 776; x_wconf 88' lang='lat' dir='ltr'>potest</span> <span class='ocrx_word' id='word_1_8' title='bbox 982 695 1077 777; x_wconf 81' lang='grc' dir='ltr'><em>ἔγχος</em></span> <span class='ocrx_word' id='word_1_9' title='bbox 1099 696 1160 761; x_wconf 91' lang='lat' dir='ltr'>nisi</span> <span class='ocrx_word' id='word_1_10' title='bbox 1181 697 1230 760; x_wconf 85' lang='lat' dir='ltr'>vis</span> <span class='ocrx_word' id='word_1_11' title='bbox 1250 694 1409 760; x_wconf 79' lang='lat' dir='ltr'>inferatur</span> 
     </span>
     <span class='ocr_line' id='line_1_3' title="bbox 238 799 1411 884; baseline 0 -20"><span class='ocrx_word' id='word_1_12' title='bbox 238 801 367 882; x_wconf 84' lang='lat' dir='ltr'>linguae</span> <span class='ocrx_word' id='word_1_13' title='bbox 387 821 494 884; x_wconf 86' lang='lat' dir='ltr'>neque</span> <span class='ocrx_word' id='word_1_14' title='bbox 514 802 616 882; x_wconf 70' lang='grc' dir='ltr'><em>βέλος,</em></span> <span class='ocrx_word' id='word_1_15' title='bbox 638 801 763 879; x_wconf 80' lang='lat' dir='ltr'><em>missile,</em></span> <span class='ocrx_word' id='word_1_16' title='bbox 785 799 934 864; x_wconf 89' lang='lat' dir='ltr'>adhiberi</span> <span class='ocrx_word' id='word_1_17' title='bbox 957 800 1018 864; x_wconf 91' lang='lat' dir='ltr'>nisi</span> <span class='ocrx_word' id='word_1_18' title='bbox 1030 802 1071 865; x_wconf 92' lang='lat' dir='ltr'>de</span> <span class='ocrx_word' id='word_1_19' title='bbox 1082 802 1163 882; x_wconf 82' lang='lat' dir='ltr'>telis,</span> <span class='ocrx_word' id='word_1_20' title='bbox 1184 821 1270 884; x_wconf 89' lang='lat' dir='ltr'>quae</span> <span class='ocrx_word' id='word_1_21' title='bbox 1286 799 1411 864; x_wconf 89' lang='lat' dir='ltr'>eminus</span> 
     </span>
     <span class='ocr_line' id='line_1_4' title="bbox 238 905 1412 987; baseline 0 -19"><span class='ocrx_word' id='word_1_22' title='bbox 238 905 430 985; x_wconf 82' lang='lat' dir='ltr'>mittuntur,</span> <span class='ocrx_word' id='word_1_23' title='bbox 451 913 488 970; x_wconf 91' lang='lat' dir='ltr'>ut</span> <span class='ocrx_word' id='word_1_24' title='bbox 509 909 643 984; x_wconf 88' lang='lat' dir='ltr'>hastae,</span> <span class='ocrx_word' id='word_1_25' title='bbox 666 905 791 984; x_wconf 83' lang='lat' dir='ltr'>iacula,</span> <span class='ocrx_word' id='word_1_26' title='bbox 813 905 968 986; x_wconf 76' lang='lat' dir='ltr'>sagittae,</span> <span class='ocrx_word' id='word_1_27' title='bbox 990 905 1122 987; x_wconf 88' lang='lat' dir='ltr'>lapides.</span> <span class='ocrx_word' id='word_1_28' title='bbox 1144 905 1197 970; x_wconf 85' lang='lat' dir='ltr'>Ad</span> <span class='ocrx_word' id='word_1_29' title='bbox 1208 908 1269 970; x_wconf 83' lang='lat' dir='ltr'>cim</span> <span class='ocrx_word' id='word_1_30' title='bbox 1281 905 1412 984; x_wconf 80' lang='lat' dir='ltr'>consilii,</span> 
     </span>
     <span class='ocr_line' id='line_1_5' title="bbox 240 1007 1414 1093; baseline -0.005 -19"><span class='ocrx_word' id='word_1_31' title='bbox 240 1030 305 1093; x_wconf 89' lang='lat' dir='ltr'>qua</span> <span class='ocrx_word' id='word_1_32' title='bbox 335 1012 460 1075; x_wconf 91' lang='lat' dir='ltr'>malum</span> <span class='ocrx_word' id='word_1_33' title='bbox 491 1011 668 1090; x_wconf 86' lang='lat' dir='ltr'>avertitur,</span> <span class='ocrx_word' id='word_1_34' title='bbox 701 1010 895 1074; x_wconf 75' lang='lat' dir='ltr'>transfertur</span> <span class='ocrx_word' id='word_1_35' title='bbox 926 1007 1021 1090; x_wconf 77' lang='grc' dir='ltr'><em>ἔγχος</em></span> <span class='ocrx_word' id='word_1_36' title='bbox 1053 1009 1090 1075; x_wconf 90' lang='lat'>0.</span> <span class='ocrx_word' id='word_1_37' title='bbox 1111 1011 1153 1075; x_wconf 89' lang='lat' dir='ltr'>R.</span> <span class='ocrx_word' id='word_1_38' title='bbox 1186 1011 1262 1074; x_wconf 85' lang='lat'>170:</span> <span class='ocrx_word' id='word_1_39' title='bbox 1295 1008 1353 1070; x_wconf 74' lang='grc' dir='ltr'><em>οὐδ’</em></span> <span class='ocrx_word' id='word_1_40' title='bbox 1376 1007 1414 1070; x_wconf 75' lang='grc' dir='ltr'>ἔνι</span> 
     </span>
     <span class='ocr_line' id='line_1_6' title="bbox 237 1107 1416 1198; baseline -0.002 -22"><span class='ocrx_word' id='word_1_41' title='bbox 237 1116 387 1196; x_wconf 75' lang='grc' dir='ltr'><em>φροντίδος</em></span> <span class='ocrx_word' id='word_1_42' title='bbox 417 1115 522 1196; x_wconf 67' lang='grc' dir='ltr'><em>ἔγχος,</em></span> <span class='ocrx_word' id='word_1_43' title='bbox 546 1107 567 1194; x_wconf 70' lang='grc' dir='ltr'><em>ᾧ</em></span> <span class='ocrx_word' id='word_1_44' title='bbox 603 1139 647 1186; x_wconf 67' lang='grc' dir='ltr'>Τίς</span> <span class='ocrx_word' id='word_1_45' title='bbox 668 1115 819 1195; x_wconf 48' lang='lat' dir='ltr'>&amp;bigetun</span> <span class='ocrx_word' id='word_1_46' title='bbox 845 1115 901 1179; x_wconf 86' lang='lat' dir='ltr'>ubi</span> <span class='ocrx_word' id='word_1_47' title='bbox 923 1115 1030 1180; x_wconf 81' lang='lat' dir='ltr'>Schol.</span> <span class='ocrx_word' id='word_1_48' title='bbox 1053 1116 1210 1198; x_wconf 77' lang='lat' dir='ltr'>explicat:</span> <span class='ocrx_word' id='word_1_49' title='bbox 1232 1114 1289 1176; x_wconf 70' lang='grc' dir='ltr'><em>οὐδ’</em></span> <span class='ocrx_word' id='word_1_50' title='bbox 1313 1113 1416 1178; x_wconf 86' lang='grc' dir='ltr'><em>ἐνεστι</em></span> 
     </span>
     <span class='ocr_line' id='line_1_7' title="bbox 240 1219 691 1302; baseline -0.002 -21"><span class='ocrx_word' id='word_1_51' title='bbox 240 1230 389 1302; x_wconf 81' lang='grc' dir='ltr'><em>μηχανῆς,</em></span> <span class='ocrx_word' id='word_1_52' title='bbox 412 1219 536 1292; x_wconf 76' lang='grc' dir='ltr'>ἐπινοίας</span> <span class='ocrx_word' id='word_1_53' title='bbox 557 1223 691 1298; x_wconf 75' lang='grc' dir='ltr'><em>δύναμις.</em></span> 
     </span>
    </p>

    <p class='ocr_par' dir='ltr' id='par_1_3' title="bbox 241 1324 1415 1722">
     <span class='ocr_line' id='line_1_8' title="bbox 280 1324 1415 1407; baseline -0.004 -15"><span class='ocrx_word' id='word_1_54' title='bbox 280 1329 460 1392; x_wconf 81' lang='lat' dir='ltr'>Anscnmus</span> <span class='ocrx_word' id='word_1_55' title='bbox 492 1347 587 1391; x_wconf 90' lang='lat' dir='ltr'>usum</span> <span class='ocrx_word' id='word_1_56' title='bbox 617 1326 829 1390; x_wconf 87' lang='lat' dir='ltr'>Homericum</span> <span class='ocrx_word' id='word_1_57' title='bbox 862 1324 1008 1406; x_wconf 88' lang='lat' dir='ltr'>sequitur</span> <span class='ocrx_word' id='word_1_58' title='bbox 1040 1326 1129 1391; x_wconf 91' lang='lat' dir='ltr'>Pers.</span> <span class='ocrx_word' id='word_1_59' title='bbox 1161 1327 1241 1407; x_wconf 76' lang='lat' dir='ltr'>ato,</span> <span class='ocrx_word' id='word_1_60' title='bbox 1269 1325 1307 1392; x_wconf 88' lang='grc'>11.</span> <span class='ocrx_word' id='word_1_61' title='bbox 1335 1325 1415 1406; x_wconf 84' lang='grc'>360,</span> 
     </span>
     <span class='ocr_line' id='line_1_9' title="bbox 241 1431 1415 1510; baseline -0.002 -13"><span class='ocrx_word' id='word_1_62' title='bbox 241 1433 400 1498; x_wconf 71' lang='lat' dir='ltr'>Eunomus</span> <span class='ocrx_word' id='word_1_63' title='bbox 421 1451 499 1497; x_wconf 91' lang='lat' dir='ltr'>vero</span> <span class='ocrx_word' id='word_1_64' title='bbox 522 1435 571 1496; x_wconf 89' lang='lat' dir='ltr'>est</span> <span class='ocrx_word' id='word_1_65' title='bbox 592 1431 647 1496; x_wconf 90' lang='lat' dir='ltr'>ubi</span> <span class='ocrx_word' id='word_1_66' title='bbox 668 1433 754 1496; x_wconf 87' lang='lat' dir='ltr'>hanc</span> <span class='ocrx_word' id='word_1_67' title='bbox 775 1431 1042 1496; x_wconf 81' lang='lat' dir='ltr'>consuetudinem</span> <span class='ocrx_word' id='word_1_68' title='bbox 1063 1451 1131 1496; x_wconf 90' lang='lat' dir='ltr'>non</span> <span class='ocrx_word' id='word_1_69' title='bbox 1153 1432 1325 1510; x_wconf 84' lang='lat' dir='ltr'>observat,</span> <span class='ocrx_word' id='word_1_70' title='bbox 1346 1431 1415 1496; x_wconf 88' lang='lat' dir='ltr'>Alc.</span> 
     </span>
     <span class='ocr_line' id='line_1_10' title="bbox 243 1527 1414 1621; baseline -0.007 -19"><span class='ocrx_word' id='word_1_71' title='bbox 243 1538 282 1602; x_wconf 89' lang='grc'>75</span> <span class='ocrx_word' id='word_1_72' title='bbox 302 1558 370 1621; x_wconf 88' lang='lat' dir='ltr'>sq.:</span> <span class='ocrx_word' id='word_1_73' title='bbox 392 1535 464 1612; x_wconf 87' lang='grc' dir='ltr'><em>ἱερός</em></span> <span class='ocrx_word' id='word_1_74' title='bbox 483 1536 545 1614; x_wconf 84' lang='grc' dir='ltr'>γάρ</span> <span class='ocrx_word' id='word_1_75' title='bbox 565 1527 648 1607; x_wconf 70' lang='grc' dir='ltr'><em>οὗτος</em></span> <span class='ocrx_word' id='word_1_76' title='bbox 669 1545 729 1596; x_wconf 79' lang='grc' dir='ltr'>τῶν</span> <span class='ocrx_word' id='word_1_77' title='bbox 750 1535 830 1599; x_wconf 76' lang='grc' dir='ltr'><em>κατά</em></span> <span class='ocrx_word' id='word_1_78' title='bbox 855 1533 966 1615; x_wconf 62' lang='grc' dir='ltr'><em>χθονός</em></span> <span class='ocrx_word' id='word_1_79' title='bbox 986 1544 1064 1598; x_wconf 63' lang='grc' dir='ltr'>θεῶν</span> <span class='ocrx_word' id='word_1_80' title='bbox 1089 1573 1121 1580; x_wconf 83' lang='grc'>-</span> <span class='ocrx_word' id='word_1_81' title='bbox 1147 1534 1214 1596; x_wconf 87' lang='grc' dir='ltr'><em>ότου</em></span> <span class='ocrx_word' id='word_1_82' title='bbox 1235 1537 1300 1597; x_wconf 79' lang='grc' dir='ltr'><em>τόδ’</em></span> <span class='ocrx_word' id='word_1_83' title='bbox 1318 1533 1414 1615; x_wconf 85' lang='grc' dir='ltr'><em>ἐγχος</em></span> 
     </span>
     <span class='ocr_line' id='line_1_11' title="bbox 243 1639 1280 1722; baseline -0.002 -15"><span class='ocrx_word' id='word_1_84' title='bbox 243 1639 353 1718; x_wconf 79' lang='grc' dir='ltr'><em>κρατός</em></span> <span class='ocrx_word' id='word_1_85' title='bbox 374 1644 488 1717; x_wconf 86' lang='grc' dir='ltr'><em>άγνίσει</em></span> <span class='ocrx_word' id='word_1_86' title='bbox 508 1647 611 1722; x_wconf 82' lang='grc' dir='ltr'><em>τρίχα.</em></span> <span class='ocrx_word' id='word_1_87' title='bbox 657 1643 781 1706; x_wconf 85' lang='lat' dir='ltr'>Phoen.</span> <span class='ocrx_word' id='word_1_88' title='bbox 804 1643 881 1720; x_wconf 77' lang='grc'>565,</span> <span class='ocrx_word' id='word_1_89' title='bbox 905 1642 1001 1722; x_wconf 87' lang='grc'>1383,</span> <span class='ocrx_word' id='word_1_90' title='bbox 1026 1641 1122 1719; x_wconf 73' lang='lat'>14133</span> <span class='ocrx_word' id='word_1_91' title='bbox 1144 1642 1190 1706; x_wconf 82' lang='lat' dir='ltr'>El.</span> <span class='ocrx_word' id='word_1_92' title='bbox 1211 1642 1280 1705; x_wconf 82' lang='grc'>695.</span> 
     </span>
    </p>

    <p class='ocr_par' dir='ltr' id='par_1_4' title="bbox 283 1745 1416 1830">
     <span class='ocr_line' id='line_1_12' title="bbox 283 1745 1416 1830; baseline -0.004 -18"><span class='ocrx_word' id='word_1_93' title='bbox 283 1749 436 1812; x_wconf 78' lang='lat' dir='ltr'>Pmonurs</span> <span class='ocrx_word' id='word_1_94' title='bbox 467 1765 597 1829; x_wconf 86' lang='lat' dir='ltr'>semper</span> <span class='ocrx_word' id='word_1_95' title='bbox 628 1747 669 1812; x_wconf 89' lang='lat' dir='ltr'>de</span> <span class='ocrx_word' id='word_1_96' title='bbox 698 1746 791 1810; x_wconf 77' lang='lat' dir='ltr'>hasta</span> <span class='ocrx_word' id='word_1_97' title='bbox 813 1747 932 1826; x_wconf 84' lang='lat' dir='ltr'>habet,</span> <span class='ocrx_word' id='word_1_98' title='bbox 954 1747 995 1812; x_wconf 89' lang='lat' dir='ltr'>de</span> <span class='ocrx_word' id='word_1_99' title='bbox 1016 1746 1163 1812; x_wconf 81' lang='lat' dir='ltr'>venabulo</span> <span class='ocrx_word' id='word_1_100' title='bbox 1185 1747 1280 1830; x_wconf 86' lang='lat' dir='ltr'>Pyth.</span> <span class='ocrx_word' id='word_1_101' title='bbox 1302 1745 1416 1812; x_wconf 73' lang='grc' dir='ltr'>1Χ18.</span> 
     </span>
    </p>
   </div>
   <div class='ocr_carea' id='block_1_3' title="bbox 781 2028 886 2102">
    <p class='ocr_par' dir='ltr' id='par_1_5' title="bbox 781 2028 886 2102">
     <span class='ocr_line' id='line_1_13' title="bbox 781 2028 886 2102; baseline 0.01 -16"><span class='ocrx_word' id='word_1_102' title='bbox 781 2028 886 2102; x_wconf 82' lang='grc' dir='ltr'><em>Ζῶμα.</em></span> 
     </span>
    </p>
   </div>
   <div class='ocr_carea' id='block_1_4' title="bbox 249 2152 1427 3386">
    <p class='ocr_par' dir='ltr' id='par_1_6' title="bbox 249 2152 1427 3174">
     <span class='ocr_line' id='line_1_14' title="bbox 287 2152 1421 2235; baseline 0 -18"><span class='ocrx_word' id='word_1_103' title='bbox 287 2155 386 2235; x_wconf 88' lang='lat' dir='ltr'>Apud</span> <span class='ocrx_word' id='word_1_104' title='bbox 414 2155 571 2220; x_wconf 81' lang='lat' dir='ltr'>Honorum</span> <span class='ocrx_word' id='word_1_105' title='bbox 600 2173 667 2218; x_wconf 93' lang='lat' dir='ltr'>non</span> <span class='ocrx_word' id='word_1_106' title='bbox 698 2154 815 2220; x_wconf 89' lang='lat' dir='ltr'>dicitur</span> <span class='ocrx_word' id='word_1_107' title='bbox 846 2155 887 2220; x_wconf 92' lang='lat' dir='ltr'>de</span> <span class='ocrx_word' id='word_1_108' title='bbox 918 2154 1092 2218; x_wconf 88' lang='lat' dir='ltr'>mulierum</span> <span class='ocrx_word' id='word_1_109' title='bbox 1113 2153 1260 2235; x_wconf 86' lang='lat' dir='ltr'>cingulo,</span> <span class='ocrx_word' id='word_1_110' title='bbox 1291 2152 1350 2217; x_wconf 88' lang='lat' dir='ltr'>sed</span> <span class='ocrx_word' id='word_1_111' title='bbox 1372 2155 1421 2218; x_wconf 88' lang='lat' dir='ltr'>est</span> 
     </span>
     <span class='ocr_line' id='line_1_15' title="bbox 249 2259 1421 2344; baseline -0.001 -21"><span class='ocrx_word' id='word_1_112' title='bbox 249 2259 444 2324; x_wconf 79' lang='lat' dir='ltr'>bellatorum</span> <span class='ocrx_word' id='word_1_113' title='bbox 475 2260 634 2344; x_wconf 68' lang='lat' dir='ltr'>cingulum</span> <span class='ocrx_word' id='word_1_114' title='bbox 666 2279 794 2324; x_wconf 80' lang='lat' dir='ltr'>aeneum</span> <span class='ocrx_word' id='word_1_115' title='bbox 826 2281 850 2324; x_wconf 89' lang='lat' dir='ltr'>s.</span> <span class='ocrx_word' id='word_1_116' title='bbox 885 2261 1058 2324; x_wconf 81' lang='grc' dir='ltr'><em>ουνόαοιιιιιο</em></span> <span class='ocrx_word' id='word_1_117' title='bbox 1089 2259 1217 2322; x_wconf 85' lang='lat' dir='ltr'>luminis</span> <span class='ocrx_word' id='word_1_118' title='bbox 1238 2260 1340 2323; x_wconf 80' lang='lat' dir='ltr'>aencis</span> <span class='ocrx_word' id='word_1_119' title='bbox 1362 2265 1421 2322; x_wconf 85' lang='lat' dir='ltr'>tec·</span> 
     </span>
     <span class='ocr_line' id='line_1_16' title="bbox 252 2359 1421 2445; baseline -0.005 -17"><span class='ocrx_word' id='word_1_120' title='bbox 252 2371 338 2443; x_wconf 84' lang='grc'>111111,</span> <span class='ocrx_word' id='word_1_121' title='bbox 370 2364 412 2428; x_wconf 91' lang='lat' dir='ltr'>ad</span> <span class='ocrx_word' id='word_1_122' title='bbox 450 2383 556 2445; x_wconf 88' lang='lat' dir='ltr'>genua</span> <span class='ocrx_word' id='word_1_123' title='bbox 588 2363 764 2445; x_wconf 76' lang='lat' dir='ltr'>pertinens,</span> <span class='ocrx_word' id='word_1_124' title='bbox 813 2363 919 2429; x_wconf 85' lang='lat' dir='ltr'>Schol.</span> <span class='ocrx_word' id='word_1_125' title='bbox 948 2365 979 2424; x_wconf 85' lang='grc' dir='ltr'>Δ</span> <span class='ocrx_word' id='word_1_126' title='bbox 999 2359 1078 2426; x_wconf 83' lang='grc' dir='ltr'>Ι133;</span> <span class='ocrx_word' id='word_1_127' title='bbox 1110 2363 1252 2436; x_wconf 62' lang='lat' dir='ltr'>intrata,</span> <span class='ocrx_word' id='word_1_128' title='bbox 1282 2360 1326 2423; x_wconf 75' lang='grc' dir='ltr'>ὅτι</span> <span class='ocrx_word' id='word_1_129' title='bbox 1346 2363 1421 2426; x_wconf 60' lang='grc' dir='ltr'>καθ’</span> 
     </span>
     <span class='ocr_line' id='line_1_17' title="bbox 251 2455 1421 2549; baseline 0.001 -20"><span class='ocrx_word' id='word_1_130' title='bbox 251 2469 281 2529; x_wconf 82' lang='grc' dir='ltr'>ὃν</span> <span class='ocrx_word' id='word_1_131' title='bbox 302 2470 395 2528; x_wconf 88' lang='grc' dir='ltr'><em>τόπον</em></span> <span class='ocrx_word' id='word_1_132' title='bbox 415 2465 570 2546; x_wconf 74' lang='grc' dir='ltr'><em>ἐζώννυντο</em></span> <span class='ocrx_word' id='word_1_133' title='bbox 591 2470 714 2538; x_wconf 75' lang='grc' dir='ltr'><em>διπλοῦς</em></span> <span class='ocrx_word' id='word_1_134' title='bbox 731 2455 765 2537; x_wconf 77' lang='grc' dir='ltr'>ἦν</span> <span class='ocrx_word' id='word_1_135' title='bbox 786 2469 800 2529; x_wconf 85' lang='grc' dir='ltr'><em>ό</em></span> <span class='ocrx_word' id='word_1_136' title='bbox 820 2469 936 2549; x_wconf 62' lang='grc' dir='ltr'><em>θώραξ,</em></span> <span class='ocrx_word' id='word_1_137' title='bbox 959 2465 1039 2531; x_wconf 71' lang='grc' dir='ltr'><em>καὲιό</em></span> <span class='ocrx_word' id='word_1_138' title='bbox 1051 2467 1248 2543; x_wconf 73' lang='grc' dir='ltr'><em>όπεβέβλητο</em></span> <span class='ocrx_word' id='word_1_139' title='bbox 1260 2477 1303 2528; x_wconf 81' lang='grc' dir='ltr'>τῶ</span> <span class='ocrx_word' id='word_1_140' title='bbox 1314 2477 1421 2548; x_wconf 78' lang='grc' dir='ltr'><em>στατῷ</em></span> 
     </span>
     <span class='ocr_line' id='line_1_18' title="bbox 251 2570 1421 2654; baseline -0.004 -18"><span class='ocrx_word' id='word_1_141' title='bbox 251 2575 365 2650; x_wconf 64' lang='lat' dir='ltr'>stipam</span> <span class='ocrx_word' id='word_1_142' title='bbox 394 2571 429 2632; x_wconf 87' lang='grc' dir='ltr'>τό</span> <span class='ocrx_word' id='word_1_143' title='bbox 462 2575 625 2649; x_wconf 85' lang='grc' dir='ltr'><em>λεγόμενον</em></span> <span class='ocrx_word' id='word_1_144' title='bbox 653 2575 751 2650; x_wconf 73' lang='grc' dir='ltr'><em>ζῶμα,</em></span> <span class='ocrx_word' id='word_1_145' title='bbox 774 2583 908 2642; x_wconf 62' lang='grc' dir='ltr'><em>καθῆκον</em></span> <span class='ocrx_word' id='word_1_146' title='bbox 929 2574 1020 2654; x_wconf 82' lang='grc' dir='ltr'><em>μέχρι</em></span> <span class='ocrx_word' id='word_1_147' title='bbox 1042 2582 1101 2632; x_wconf 79' lang='grc' dir='ltr'>τῶν</span> <span class='ocrx_word' id='word_1_148' title='bbox 1122 2574 1258 2648; x_wconf 76' lang='grc' dir='ltr'><em>γονάτων</em></span> <span class='ocrx_word' id='word_1_149' title='bbox 1280 2570 1339 2632; x_wconf 84' lang='grc' dir='ltr'>άπό</span> <span class='ocrx_word' id='word_1_150' title='bbox 1361 2579 1421 2632; x_wconf 80' lang='grc' dir='ltr'>τῶν</span> 
     </span>
     <span class='ocr_line' id='line_1_19' title="bbox 252 2675 1425 2758; baseline -0.001 -16"><span class='ocrx_word' id='word_1_151' title='bbox 252 2681 398 2753; x_wconf 84' lang='grc' dir='ltr'><em>λαγόνων.</em></span> <span class='ocrx_word' id='word_1_152' title='bbox 421 2679 506 2758; x_wconf 85' lang='lat' dir='ltr'>Ergo</span> <span class='ocrx_word' id='word_1_153' title='bbox 527 2675 562 2738; x_wconf 81' lang='grc' dir='ltr'>τό</span> <span class='ocrx_word' id='word_1_154' title='bbox 583 2679 671 2754; x_wconf 76' lang='grc' dir='ltr'><em>ζῶμα</em></span> <span class='ocrx_word' id='word_1_155' title='bbox 695 2678 781 2743; x_wconf 87' lang='lat' dir='ltr'>intra</span> <span class='ocrx_word' id='word_1_156' title='bbox 802 2681 935 2743; x_wconf 89' lang='lat' dir='ltr'>loricam</span> <span class='ocrx_word' id='word_1_157' title='bbox 953 2679 1033 2743; x_wconf 84' lang='lat' dir='ltr'>latet</span> <span class='ocrx_word' id='word_1_158' title='bbox 1060 2678 1119 2742; x_wconf 91' lang='lat' dir='ltr'>sed</span> <span class='ocrx_word' id='word_1_159' title='bbox 1130 2678 1314 2758; x_wconf 87' lang='lat' dir='ltr'>cingulum,</span> <span class='ocrx_word' id='word_1_160' title='bbox 1337 2677 1425 2758; x_wconf 89' lang='lat' dir='ltr'>quod</span> 
     </span>
     <span class='ocr_line' id='line_1_20' title="bbox 254 2781 1425 2858; baseline 0.001 -11"><span class='ocrx_word' id='word_1_161' title='bbox 254 2789 346 2847; x_wconf 86' lang='lat' dir='ltr'>extra</span> <span class='ocrx_word' id='word_1_162' title='bbox 368 2781 508 2850; x_wconf 90' lang='lat' dir='ltr'>iniicitur</span> <span class='ocrx_word' id='word_1_163' title='bbox 528 2783 571 2846; x_wconf 88' lang='lat' dir='ltr'>ad</span> <span class='ocrx_word' id='word_1_164' title='bbox 592 2783 725 2846; x_wconf 88' lang='lat' dir='ltr'>loricam</span> <span class='ocrx_word' id='word_1_165' title='bbox 748 2783 997 2858; x_wconf 88' lang='lat' dir='ltr'>continendam,</span> <span class='ocrx_word' id='word_1_166' title='bbox 1021 2784 1156 2846; x_wconf 88' lang='lat' dir='ltr'>vocatur</span> <span class='ocrx_word' id='word_1_167' title='bbox 1177 2782 1306 2858; x_wconf 80' lang='grc' dir='ltr'><em>ζωστήρ.</em></span> <span class='ocrx_word' id='word_1_168' title='bbox 1345 2783 1425 2848; x_wconf 93' lang='lat' dir='ltr'>Per·</span> 
     </span>
     <span class='ocr_line' id='line_1_21' title="bbox 252 2876 1425 2970; baseline -0.005 -18"><span class='ocrx_word' id='word_1_169' title='bbox 252 2907 367 2969; x_wconf 85' lang='lat' dir='ltr'>peram</span> <span class='ocrx_word' id='word_1_170' title='bbox 388 2887 588 2968; x_wconf 85' lang='lat' dir='ltr'>Hesychius:</span> <span class='ocrx_word' id='word_1_171' title='bbox 619 2888 707 2964; x_wconf 81' lang='grc' dir='ltr'><em>ζ’ὠμα</em></span> <span class='ocrx_word' id='word_1_172' title='bbox 728 2876 750 2966; x_wconf 77' lang='grc' dir='ltr'>ᾧ</span> <span class='ocrx_word' id='word_1_173' title='bbox 771 2884 868 2970; x_wconf 84' lang='grc' dir='ltr'><em>ἐπάνω</em></span> <span class='ocrx_word' id='word_1_174' title='bbox 889 2893 942 2947; x_wconf 83' lang='grc' dir='ltr'><em>τοῦ</em></span> <span class='ocrx_word' id='word_1_175' title='bbox 962 2888 1100 2963; x_wconf 72' lang='grc' dir='ltr'><em>ἓτόιραηος</em></span> <span class='ocrx_word' id='word_1_176' title='bbox 1121 2883 1262 2966; x_wconf 72' lang='grc' dir='ltr'><em>ἐχρῶντο.</em></span> <span class='ocrx_word' id='word_1_177' title='bbox 1312 2888 1425 2952; x_wconf 87' lang='lat' dir='ltr'>Mulie-</span> 
     </span>
     <span class='ocr_line' id='line_1_22' title="bbox 252 2991 1427 3076; baseline 0.002 -19"><span class='ocrx_word' id='word_1_178' title='bbox 252 3012 326 3057; x_wconf 90' lang='lat' dir='ltr'>rum</span> <span class='ocrx_word' id='word_1_179' title='bbox 357 2991 431 3069; x_wconf 73' lang='grc' dir='ltr'><em>ζωνη</em></span> <span class='ocrx_word' id='word_1_180' title='bbox 453 2995 500 3056; x_wconf 89' lang='lat' dir='ltr'>est</span> <span class='ocrx_word' id='word_1_181' title='bbox 523 2991 563 3073; x_wconf 81' lang='grc' dir='ltr'>(Ξ</span> <span class='ocrx_word' id='word_1_182' title='bbox 588 2992 653 3072; x_wconf 87' lang='lat'>181,</span> <span class='ocrx_word' id='word_1_183' title='bbox 673 3013 686 3051; x_wconf 85' lang='grc' dir='ltr'><em>ε</em></span> <span class='ocrx_word' id='word_1_184' title='bbox 708 2994 776 3074; x_wconf 71' lang='grc'>231,</span> <span class='ocrx_word' id='word_1_185' title='bbox 799 2994 868 3074; x_wconf 74' lang='lat' dir='ltr'>oto,</span> <span class='ocrx_word' id='word_1_186' title='bbox 890 2995 991 3073; x_wconf 68' lang='grc' dir='ltr'>λ115,</span> <span class='ocrx_word' id='word_1_187' title='bbox 1012 2994 1043 3058; x_wconf 93' lang='lat' dir='ltr'>h.</span> <span class='ocrx_word' id='word_1_188' title='bbox 1062 2993 1140 3058; x_wconf 91' lang='lat' dir='ltr'>Ven.</span> <span class='ocrx_word' id='word_1_189' title='bbox 1162 2995 1245 3076; x_wconf 73' lang='grc'>155),</span> <span class='ocrx_word' id='word_1_190' title='bbox 1266 3013 1334 3058; x_wconf 84' lang='grc'>11110</span> <span class='ocrx_word' id='word_1_191' title='bbox 1356 2994 1427 3059; x_wconf 89' lang='lat' dir='ltr'>loco</span> 
     </span>
     <span class='ocr_line' id='line_1_23' title="bbox 254 3097 518 3174; baseline 0.027 -19"><span class='ocrx_word' id='word_1_192' title='bbox 254 3097 399 3174; x_wconf 81' lang='grc' dir='ltr'><em>ζὼστρον,</em></span> <span class='ocrx_word' id='word_1_193' title='bbox 424 3097 442 3173; x_wconf 81' lang='grc' dir='ltr'>ζ</span> <span class='ocrx_word' id='word_1_194' title='bbox 463 3097 518 3162; x_wconf 85' lang='lat'>38:</span> 
     </span>
    </p>

    <p class='ocr_par' dir='ltr' id='par_1_7' title="bbox 453 3201 1253 3386">
     <span class='ocr_line' id='line_1_24' title="bbox 453 3201 1228 3292; baseline 0.005 -32"><span class='ocrx_word' id='word_1_195' title='bbox 453 3203 586 3280; x_wconf 83' lang='grc' dir='ltr'><em>ἡμιόνους</em></span> <span class='ocrx_word' id='word_1_196' title='bbox 605 3203 653 3266; x_wconf 79' lang='grc' dir='ltr'>καί</span> <span class='ocrx_word' id='word_1_197' title='bbox 674 3205 795 3284; x_wconf 77' lang='grc' dir='ltr'><em>ἅμαξαν</em></span> <span class='ocrx_word' id='word_1_198' title='bbox 816 3201 983 3287; x_wconf 81' lang='grc' dir='ltr'><em>ἐφοπλίσαι,</em></span> <span class='ocrx_word' id='word_1_199' title='bbox 1007 3204 1025 3272; x_wconf 79' lang='grc' dir='ltr'>ἦ</span> <span class='ocrx_word' id='word_1_200' title='bbox 1046 3224 1096 3267; x_wconf 79' lang='grc' dir='ltr'>κεν</span> <span class='ocrx_word' id='word_1_201' title='bbox 1120 3204 1228 3292; x_wconf 74' lang='grc' dir='ltr'><em>άγρσιν</em></span> 
     </span>
     <span class='ocr_line' id='line_1_25' title="bbox 454 3310 1253 3386; baseline 0.005 -19"><span class='ocrx_word' id='word_1_202' title='bbox 454 3310 576 3386; x_wconf 67' lang='grc' dir='ltr'><em>ζῶστρά</em></span> <span class='ocrx_word' id='word_1_203' title='bbox 598 3329 631 3368; x_wconf 88' lang='grc' dir='ltr'>τε</span> <span class='ocrx_word' id='word_1_204' title='bbox 653 3310 701 3372; x_wconf 75' lang='grc' dir='ltr'>καί</span> <span class='ocrx_word' id='word_1_205' title='bbox 721 3311 855 3382; x_wconf 84' lang='grc' dir='ltr'><em>πέπλους</em></span> <span class='ocrx_word' id='word_1_206' title='bbox 875 3311 924 3372; x_wconf 76' lang='lat' dir='ltr'>cni</span> <span class='ocrx_word' id='word_1_207' title='bbox 943 3313 1035 3386; x_wconf 80' lang='grc' dir='ltr'><em>ῥήγεα</em></span> <span class='ocrx_word' id='word_1_208' title='bbox 1058 3312 1253 3385; x_wconf 87' lang='grc' dir='ltr'><em>σιγαλόεντα,</em></span> 
     </span>
    </p>
   </div>
   <div class='ocr_carea' id='block_1_5' title="bbox 254 3427 1474 4480">
    <p class='ocr_par' dir='ltr' id='par_1_8' title="bbox 254 3427 1474 3945">
     <span class='ocr_line' id='line_1_26' title="bbox 255 3427 1474 3523; baseline 0 -19"><span class='ocrx_word' id='word_1_209' title='bbox 255 3439 312 3504; x_wconf 94' lang='lat' dir='ltr'>ubi</span> <span class='ocrx_word' id='word_1_210' title='bbox 343 3445 455 3504; x_wconf 85' lang='lat' dir='ltr'>tamen</span> <span class='ocrx_word' id='word_1_211' title='bbox 486 3439 527 3504; x_wconf 91' lang='lat' dir='ltr'>de</span> <span class='ocrx_word' id='word_1_212' title='bbox 557 3427 703 3504; x_wconf 85' lang='lat' dir='ltr'>virorum</span> <span class='ocrx_word' id='word_1_213' title='bbox 734 3459 864 3523; x_wconf 90' lang='lat' dir='ltr'>quoque</span> <span class='ocrx_word' id='word_1_214' title='bbox 896 3440 1029 3522; x_wconf 83' lang='lat' dir='ltr'>cingulis</span> <span class='ocrx_word' id='word_1_215' title='bbox 1060 3439 1161 3521; x_wconf 85' lang='lat' dir='ltr'>accipi</span> <span class='ocrx_word' id='word_1_216' title='bbox 1181 3443 1296 3523; x_wconf 89' lang='lat' dir='ltr'>potest.</span> <span class='ocrx_word' id='word_1_217' title='bbox 1318 3441 1350 3502; x_wconf 83' lang='grc' dir='ltr'>Δ</span> <span class='ocrx_word' id='word_1_218' title='bbox 1373 3441 1431 3506; x_wconf 87' lang='grc'>186</span> <span class='ocrx_word' id='word_1_219' title='bbox 1466 3486 1474 3504; x_wconf 91' lang='grc'><strong>.</strong></span> 
     </span>
     <span class='ocr_line' id='line_1_27' title="bbox 255 3542 1427 3628; baseline 0.003 -24"><span class='ocrx_word' id='word_1_220' title='bbox 255 3565 322 3628; x_wconf 88' lang='lat' dir='ltr'>sq.:</span> <span class='ocrx_word' id='word_1_221' title='bbox 344 3542 464 3622; x_wconf 82' lang='grc' dir='ltr'><em>ἐρρόατο</em></span> <span class='ocrx_word' id='word_1_222' title='bbox 486 3546 606 3622; x_wconf 80' lang='grc' dir='ltr'><em>ζωστήρ</em></span> <span class='ocrx_word' id='word_1_223' title='bbox 626 3566 660 3606; x_wconf 88' lang='grc' dir='ltr'>τε</span> <span class='ocrx_word' id='word_1_224' title='bbox 682 3551 840 3616; x_wconf 89' lang='grc' dir='ltr'><em>παναίολος</em></span> <span class='ocrx_word' id='word_1_225' title='bbox 860 3546 905 3620; x_wconf 75' lang='grc' dir='ltr'>ηδ’</span> <span class='ocrx_word' id='word_1_226' title='bbox 927 3545 1068 3622; x_wconf 61' lang='grc' dir='ltr'><em>όπένερθε</em></span> <span class='ocrx_word' id='word_1_227' title='bbox 1090 3547 1177 3622; x_wconf 74' lang='grc' dir='ltr'><em>ζῶμά</em></span> <span class='ocrx_word' id='word_1_228' title='bbox 1199 3546 1302 3609; x_wconf 79' lang='grc' dir='ltr'><em>τεκαὶ</em></span> <span class='ocrx_word' id='word_1_229' title='bbox 1323 3551 1427 3624; x_wconf 87' lang='grc' dir='ltr'><em>μίτρη,</em></span> 
     </span>
     <span class='ocr_line' id='line_1_28' title="bbox 256 3650 1431 3734; baseline 0.005 -22"><span class='ocrx_word' id='word_1_230' title='bbox 256 3650 310 3718; x_wconf 75' lang='grc' dir='ltr'>τὴν</span> <span class='ocrx_word' id='word_1_231' title='bbox 341 3656 475 3731; x_wconf 74' lang='grc' dir='ltr'><em>χαλκῆες</em></span> <span class='ocrx_word' id='word_1_232' title='bbox 505 3654 613 3727; x_wconf 73' lang='grc' dir='ltr'><em>’κάμον</em></span> <span class='ocrx_word' id='word_1_233' title='bbox 633 3652 746 3727; x_wconf 77' lang='grc' dir='ltr'><em>ἄνδρες,</em></span> <span class='ocrx_word' id='word_1_234' title='bbox 769 3654 817 3717; x_wconf 82' lang='lat' dir='ltr'>ct.</span> <span class='ocrx_word' id='word_1_235' title='bbox 841 3655 899 3716; x_wconf 74' lang='lat' dir='ltr'>ato</span> <span class='ocrx_word' id='word_1_236' title='bbox 920 3671 967 3734; x_wconf 88' lang='lat' dir='ltr'>sq.</span> <span class='ocrx_word' id='word_1_237' title='bbox 990 3655 1082 3729; x_wconf 83' lang='grc' dir='ltr'>Ζὼμα</span> <span class='ocrx_word' id='word_1_238' title='bbox 1105 3653 1199 3732; x_wconf 85' lang='lat' dir='ltr'>igitur</span> <span class='ocrx_word' id='word_1_239' title='bbox 1221 3655 1343 3717; x_wconf 81' lang='lat' dir='ltr'>tunicae</span> <span class='ocrx_word' id='word_1_240' title='bbox 1364 3656 1431 3718; x_wconf 81' lang='lat' dir='ltr'>ein-</span> 
     </span>
     <span class='ocr_line' id='line_1_29' title="bbox 254 3746 1108 3840; baseline 0.004 -20"><span class='ocrx_word' id='word_1_241' title='bbox 254 3759 365 3840; x_wconf 81' lang='grc' dir='ltr'><em>ριιίιιιιο</em></span> <span class='ocrx_word' id='word_1_242' title='bbox 387 3777 457 3822; x_wconf 88' lang='lat' dir='ltr'>esse</span> <span class='ocrx_word' id='word_1_243' title='bbox 477 3758 607 3822; x_wconf 88' lang='lat' dir='ltr'>videtur</span> <span class='ocrx_word' id='word_1_244' title='bbox 628 3761 660 3822; x_wconf 86' lang='lat' dir='ltr'>et</span> <span class='ocrx_word' id='word_1_245' title='bbox 681 3759 800 3834; x_wconf 84' lang='grc' dir='ltr'><em>ζωστήρ</em></span> <span class='ocrx_word' id='word_1_246' title='bbox 822 3759 943 3823; x_wconf 80' lang='lat' dir='ltr'>loricae.</span> <span class='ocrx_word' id='word_1_247' title='bbox 1105 3746 1108 3752; x_wconf 42' lang='lat'>¹</span> 
     </span>
     <span class='ocr_line' id='line_1_30' title="bbox 296 3854 1268 3945; baseline -0.003 -18"><span class='ocrx_word' id='word_1_248' title='bbox 296 3861 316 3942; x_wconf 76' lang='grc' dir='ltr'><strong><em>ξ</em></strong></span> <span class='ocrx_word' id='word_1_249' title='bbox 335 3862 414 3927; x_wconf 60' lang='grc'>4811</span> <span class='ocrx_word' id='word_1_250' title='bbox 443 3861 513 3922; x_wconf 78' lang='grc' dir='ltr'><em>ἀλλ’</em></span> <span class='ocrx_word' id='word_1_251' title='bbox 536 3862 651 3940; x_wconf 78' lang='grc' dir='ltr'><em>ἑπόμην</em></span> <span class='ocrx_word' id='word_1_252' title='bbox 671 3866 765 3934; x_wconf 79' lang='grc' dir='ltr'><em>σάκος</em></span> <span class='ocrx_word' id='word_1_253' title='bbox 785 3854 841 3923; x_wconf 80' lang='grc' dir='ltr'><em>οἶον</em></span> <span class='ocrx_word' id='word_1_254' title='bbox 861 3861 938 3945; x_wconf 81' lang='grc' dir='ltr'><em>’έχων</em></span> <span class='ocrx_word' id='word_1_255' title='bbox 958 3864 1006 3928; x_wconf 78' lang='grc' dir='ltr'>καί</span> <span class='ocrx_word' id='word_1_256' title='bbox 1030 3867 1117 3942; x_wconf 74' lang='grc' dir='ltr'><em>ζῶμα</em></span> <span class='ocrx_word' id='word_1_257' title='bbox 1139 3866 1268 3944; x_wconf 78' lang='grc' dir='ltr'><em>φαεινόν,</em></span> 
     </span>
    </p>

    <p class='ocr_par' dir='ltr' id='par_1_9' title="bbox 258 3959 1434 4480">
     <span class='ocr_line' id='line_1_31' title="bbox 258 3959 1431 4053; baseline 0.003 -21"><span class='ocrx_word' id='word_1_258' title='bbox 258 3972 334 4033; x_wconf 87' lang='lat' dir='ltr'>sunt</span> <span class='ocrx_word' id='word_1_259' title='bbox 354 3970 456 4034; x_wconf 87' lang='lat' dir='ltr'>verba</span> <span class='ocrx_word' id='word_1_260' title='bbox 476 3970 577 4034; x_wconf 86' lang='lat' dir='ltr'>Ulixis</span> <span class='ocrx_word' id='word_1_261' title='bbox 599 3959 746 4034; x_wconf 78' lang='lat' dir='ltr'>nonduin</span> <span class='ocrx_word' id='word_1_262' title='bbox 768 3991 788 4035; x_wconf 90' lang='lat' dir='ltr'>a</span> <span class='ocrx_word' id='word_1_263' title='bbox 810 3973 875 4036; x_wconf 88' lang='lat' dir='ltr'>suis</span> <span class='ocrx_word' id='word_1_264' title='bbox 892 3973 992 4052; x_wconf 87' lang='lat' dir='ltr'>agniti</span> <span class='ocrx_word' id='word_1_265' title='bbox 1014 3971 1048 4036; x_wconf 93' lang='lat' dir='ltr'>in</span> <span class='ocrx_word' id='word_1_266' title='bbox 1059 3971 1167 4053; x_wconf 88' lang='lat' dir='ltr'>lepida</span> <span class='ocrx_word' id='word_1_267' title='bbox 1177 3971 1431 4052; x_wconf 80' lang='lat' dir='ltr'>narratiuncula,</span> 
     </span>
     <span class='ocr_line' id='line_1_32' title="bbox 259 4075 1433 4157; baseline 0.002 -18"><span class='ocrx_word' id='word_1_268' title='bbox 259 4095 359 4157; x_wconf 91' lang='lat' dir='ltr'>quam</span> <span class='ocrx_word' id='word_1_269' title='bbox 391 4095 465 4140; x_wconf 90' lang='lat' dir='ltr'>cum</span> <span class='ocrx_word' id='word_1_270' title='bbox 495 4077 640 4142; x_wconf 83' lang='lat' dir='ltr'>Eumaeo</span> <span class='ocrx_word' id='word_1_271' title='bbox 673 4078 900 4141; x_wconf 85' lang='lat' dir='ltr'>communicat.</span> <span class='ocrx_word' id='word_1_272' title='bbox 942 4077 1025 4142; x_wconf 88' lang='lat' dir='ltr'>Dicit</span> <span class='ocrx_word' id='word_1_273' title='bbox 1046 4097 1081 4141; x_wconf 91' lang='lat' dir='ltr'>se</span> <span class='ocrx_word' id='word_1_274' title='bbox 1102 4096 1176 4140; x_wconf 90' lang='lat' dir='ltr'>cum</span> <span class='ocrx_word' id='word_1_275' title='bbox 1197 4075 1290 4140; x_wconf 89' lang='lat' dir='ltr'>Ulixe</span> <span class='ocrx_word' id='word_1_276' title='bbox 1312 4080 1344 4141; x_wconf 94' lang='lat' dir='ltr'>et</span> <span class='ocrx_word' id='word_1_277' title='bbox 1364 4077 1433 4141; x_wconf 90' lang='lat' dir='ltr'>Me-</span> 
     </span>
     <span class='ocr_line' id='line_1_33' title="bbox 258 4181 1434 4262; baseline 0.002 -18"><span class='ocrx_word' id='word_1_278' title='bbox 258 4182 354 4246; x_wconf 88' lang='lat' dir='ltr'>nelao</span> <span class='ocrx_word' id='word_1_279' title='bbox 386 4186 462 4246; x_wconf 89' lang='lat' dir='ltr'>ante</span> <span class='ocrx_word' id='word_1_280' title='bbox 494 4181 627 4246; x_wconf 89' lang='lat' dir='ltr'>Troiam</span> <span class='ocrx_word' id='word_1_281' title='bbox 648 4183 795 4246; x_wconf 87' lang='lat' dir='ltr'>hostibus</span> <span class='ocrx_word' id='word_1_282' title='bbox 818 4182 950 4246; x_wconf 89' lang='lat' dir='ltr'>insidias</span> <span class='ocrx_word' id='word_1_283' title='bbox 971 4181 1134 4246; x_wconf 87' lang='lat' dir='ltr'>struxisse.</span> <span class='ocrx_word' id='word_1_284' title='bbox 1177 4183 1357 4262; x_wconf 85' lang='lat' dir='ltr'>Postquam</span> <span class='ocrx_word' id='word_1_285' title='bbox 1378 4181 1434 4246; x_wconf 92' lang='lat' dir='ltr'>diu</span> 
     </span>
     <span class='ocr_line' id='line_1_34' title="bbox 259 4287 1434 4370; baseline -0.002 -18"><span class='ocrx_word' id='word_1_286' title='bbox 259 4287 344 4352; x_wconf 87' lang='lat' dir='ltr'>inter</span> <span class='ocrx_word' id='word_1_287' title='bbox 365 4308 481 4370; x_wconf 89' lang='lat' dir='ltr'>vepres</span> <span class='ocrx_word' id='word_1_288' title='bbox 503 4291 536 4352; x_wconf 93' lang='lat' dir='ltr'>et</span> <span class='ocrx_word' id='word_1_289' title='bbox 551 4289 691 4370; x_wconf 89' lang='lat' dir='ltr'>virgulta</span> <span class='ocrx_word' id='word_1_290' title='bbox 702 4289 899 4353; x_wconf 89' lang='lat' dir='ltr'>delituerunt</span> <span class='ocrx_word' id='word_1_291' title='bbox 910 4308 975 4352; x_wconf 90' lang='lat' dir='ltr'>nox</span> <span class='ocrx_word' id='word_1_292' title='bbox 986 4287 1192 4370; x_wconf 84' lang='lat' dir='ltr'>supervenit,</span> <span class='ocrx_word' id='word_1_293' title='bbox 1214 4287 1306 4351; x_wconf 84' lang='lat' dir='ltr'>nives</span> <span class='ocrx_word' id='word_1_294' title='bbox 1318 4287 1434 4351; x_wconf 86' lang='lat' dir='ltr'>cadere</span> 
     </span>
     <span class='ocr_line' id='line_1_35' title="bbox 261 4390 1433 4480; baseline -0.004 -21"><span class='ocrx_word' id='word_1_295' title='bbox 261 4398 457 4480; x_wconf 83' lang='lat' dir='ltr'>coeperunt,</span> <span class='ocrx_word' id='word_1_296' title='bbox 489 4394 606 4476; x_wconf 85' lang='lat' dir='ltr'>glacies</span> <span class='ocrx_word' id='word_1_297' title='bbox 637 4395 672 4459; x_wconf 89' lang='lat' dir='ltr'>in</span> <span class='ocrx_word' id='word_1_298' title='bbox 703 4395 812 4478; x_wconf 88' lang='lat' dir='ltr'>clipeis</span> <span class='ocrx_word' id='word_1_299' title='bbox 843 4394 1005 4459; x_wconf 85' lang='lat' dir='ltr'>obduruit.</span> <span class='ocrx_word' id='word_1_300' title='bbox 1059 4393 1152 4458; x_wconf 86' lang='lat' dir='ltr'>Tunc</span> <span class='ocrx_word' id='word_1_301' title='bbox 1185 4393 1297 4474; x_wconf 88' lang='lat' dir='ltr'>ceteri,</span> <span class='ocrx_word' id='word_1_302' title='bbox 1328 4390 1433 4474; x_wconf 90' lang='lat' dir='ltr'>palliis</span> 
     </span>
    </p>
   </div>
   <div class='ocr_carea' id='block_1_6' title="bbox 0 0 1705 5250">
    <p class='ocr_par' dir='ltr' id='par_1_10' title="bbox 0 0 1705 5250">
     <span class='ocr_line' id='line_1_36' title="bbox 0 0 1705 5250; baseline 0 0"><span class='ocrx_word' id='word_1_303' title='bbox 0 0 1705 5250; x_wconf 95' lang='lat' dir='ltr'> </span> 
     </span>
    </p>
   </div>
  </div>
 </body>
</html>
