3360 5250
830 531 870 594 53

309 707 407 773 llario
437 710 519 774 haec
549 711 652 776 verba
681 712 819 792 possunt
849 710 1009 791 explicari.
1052 709 1086 774 Si
1117 711 1198 788 ἄγρη
1229 714 1278 776 est
1302 711 1442 794 pracda,

272 833 356 896 quae
377 816 553 880 venatione
574 817 719 897 capitur,
743 819 775 880 et
796 815 880 896 νέφεα
900 820 977 880 sunt
996 818 1076 880 retia
1096 818 1280 881 tenuissima
1300 818 1344 882 ad
1364 837 1441 882 aves

271 920 456 1001 [capiendas
486 921 564 1001 (vid.
595 921 735 1002 Hesych.
767 941 792 984 S.
823 941 854 984 v.
885 921 988 1002 νεφέα,
1004 933 1006 936 ·
1021 927 1086 980 λίνα
1117 923 1277 997 θηρατικά.
1323 923 1444 988 Postea

273 1025 387 1105 νεφέλαι
416 1025 639 1104 vocabantur,
670 1029 707 1089 ut
738 1028 828 1105 patet
849 1045 889 1089 ex
909 1025 985 1090 Ath.
1007 1025 1020 1089 l
1041 1027 1080 1090 λε’)
1100 1027 1145 1090 D:
1167 1025 1230 1086 οὐδὲ
1252 1026 1303 1086 τὸν
1323 1027 1393 1103 ἄέφα
1415 1029 1442 1088 δ’

271 1134 295 1188 οἱ
324 1130 412 1204 ἥρωες
443 1142 504 1200 τοῖς
534 1131 637 1205 ὄρνισίν
658 1131 718 1189 εἴων
738 1128 912 1205 ἐλεύθερον,
945 1131 1080 1206 παγίδας
1099 1133 1148 1194 καί
1169 1133 1290 1212 νεφέλας
1311 1130 1357 1192 έπί
1378 1141 1444 1202 ταῖς

271 1239 391 1314 κίχλαις
411 1233 459 1298 καί
481 1238 631 1314 πελειάσιν
651 1238 800 1304 ἱστάντες.
845 1237 900 1298 Ar.
923 1235 982 1299 Av.
1006 1237 1063 1299 191
1083 1238 1192 1318 Epops
1212 1239 1300 1302 hunc
1320 1239 1354 1302 in
1371 1257 1443 1302 mo-

273 1339 351 1403 dum
382 1340 487 1403 iurat:
519 1339 564 1416 ui.
587 1350 668 1415 γῆν,
701 1340 746 1418 μὰ
767 1341 920 1416 παγίδας,
953 1340 997 1416 μὰ
1019 1341 1151 1420 νεφέλας,
1174 1342 1219 1418 μὰ
1240 1343 1363 1417 δίαν-νας
1396 1343 1446 1409 Cf.

218 1455 224 1464 “
272 1445 340 1507 5⁶28.
382 1445 512 1508 Anthol.
535 1445 603 1509 Pal.
640 1446 679 1522 6,
713 1447 770 1521 ll,
792 1447 831 1508 λε
852 1445 973 1520 ὀρνίθων
993 1448 1178 1522 λεπτέμίτον
1195 1447 1345 1528 νεφέλην),
1367 1450 1446 1512 lunc

272 1550 468 1613 vertendum
501 1549 577 1613 erit:
605 1551 736 1612 ruiturii
766 1551 904 1613 auiculas
927 1558 1173 1633 prr-sequuntur,
1205 1573 1283 1634 φναν
1301 1559 1445 1636 parentes

252 1656 306 1716 ‚iu
337 1655 416 1742 retia
447 1654 609 1732 incidunt,
641 1654 716 1744 dum
738 1657 850 1720 rustici
868 1655 1007 1736 uuerdent
1027 1657 1085 1718 illu
1104 1656 1226 1738 proedo
1256 1677 1279 1718 s.
1302 1665 1444 1740 ruptura.

272 1759 326 1822 Sic
355 1763 468 1822 tamen
498 1778 564 1822 non
595 1759 674 1822 satis
706 1763 844 1840 apparet
871 1763 981 1822 utrum
1002 1760 1134 1824 vulturii
1154 1761 1198 1824 illi
1219 1761 1284 1842 sint
1303 1761 1446 1828 falcones

272 1863 430 1942 venatici,
471 1864 513 1928 ab
555 1864 741 1928 hominibus
773 1865 815 1928 ad
846 1885 940 1928 usum
972 1865 1181 1928 venatorium
1213 1867 1448 1948 mansuefacti,

273 1971 328 2050 qui
360 1969 502 2032 aviculas
533 1970 567 2032 in
602 1970 721 2046 ,turdis
753 1971 906 2034 edacibus
938 1969 1049 2034 dolos”
1078 1972 1280 2052 propellant,
1309 1991 1351 2035 an
1383 1973 1447 2036 sint

272 2076 417 2138 vultures
439 2078 601 2156 agresleS,
623 2095 762 2157 quorum
784 2095 882 2156 opere
904 2076 1004 2139 inscio
1024 2076 1173 2140 homines
1193 2077 1318 2158 praeda
1339 2077 1445 2142 diten-

273 2184 336 2244 tur.
369 2213 404 2224 -
437 2179 502 2243 Sed
533 2181 727 2243 vocabulum
759 2180 839 2256 iren
871 2181 969 2244 eliam
1001 2181 1043 2245 de
1070 2181 1141 2262 ipsa
1161 2184 1320 2246 uenatione
1340 2185 1448 2264 potest

275 2285 395 2366 accipi,
417 2285 577 2366 simulque
598 2285 680 2364 νέφεα
701 2287 832 2367 proprio
853 2306 951 2350 sensu
972 2287 1056 2350 sumi
1076 2290 1184 2367 potest
1204 2287 1354 2367 nubium,
1382 2308 1447 2370 quo

275 2391 360 2455 facto
381 2390 542 2454 habemus
564 2389 768 2454 versionem:
788 2393 920 2454 vulturii
939 2398 1169 2474 persequuntur
1190 2393 1347 2472 auiculas,
1369 2413 1448 2476 quoe

273 2503 416 2578 puocutcs
437 2496 480 2558 ud
500 2494 594 2558 uultus
615 2500 652 2569 (s.
672 2517 729 2577 per
749 2496 858 2576 uicies)
878 2497 1007 2559 uolitout
1019 2477 1033 2572 ,Ι
1054 2497 1130 2559 dum
1151 2499 1263 2560 rustici
1283 2498 1339 2560 illu
1360 2500 1448 2562 aerio

275 2603 432 2665 uenatione
463 2600 666 2663 delectantur:
705 2600 758 2664 Sic
779 2604 891 2664 tamen
912 2599 941 2660 έν
962 2601 1053 2678 πεδίῳ
1075 2603 1108 2663 et
1128 2601 1211 2680 νέφεα
1232 2621 1349 2682 parum
1372 2606 1448 2684 apte

276 2707 524 2787 componuntur.
557 2704 703 2784 Suspicio
725 2708 835 2768 autern
857 2709 906 2769 est
927 2705 1009 2780 νέφεα
1031 2724 1138 2786 neque
1155 2726 1256 2768 cosses
1266 2705 1448 2786 significare

275 2811 338 2874 hoc
358 2811 427 2872 loco
447 2828 555 2890 neque
576 2809 689 2888 uubis,
711 2810 769 2874 sed
790 2810 1031 2888 multitudinem,
1054 2809 1187 2889 turdum,
1209 2830 1269 2874 nos
1285 2812 1449 2889 ,scharen,

276 2915 467 2992 zwermen”,
488 2919 525 2978 ul
546 2916 576 2974 Δ
599 2915 676 2978 λΜε
708 2917 774 2990 ἅμα
795 2913 827 2975 δέ
848 2916 929 2996 νέφος
951 2914 1048 2975 εἵπετο
1069 2917 1176 2992 πεζῶν.
1197 2917 1223 2981 Ρ
1245 2917 1324 2980 755:
1356 2916 1394 2986 ὣς
1414 2938 1449 2977 πε

277 3027 371 3101 φαρὼν
406 3021 487 3100 νέφος
517 3018 639 3099 ἔρχεται
670 3017 702 3090 ἠὲ
732 3024 860 3083 κολοιῶν.
892 3021 976 3101 Virg.
999 3021 1080 3084 Aen.
1102 3021 1159 3084 Vll
1179 3020 1253 3085 793:
1275 3023 1451 3106 insequitur

276 3125 400 3190 niuibus
428 3125 577 3208 peditum.
630 3125 738 3202 Quare
776 3145 847 3190 sese
879 3127 1087 3191 commendat
1117 3127 1317 3206 coniectura,
1349 3146 1449 3209 quam

277 3249 405 3294 mecum
427 3230 678 3294 communicavit
697 3231 747 3294 vir
768 3229 814 3296 Cl.
835 3251 902 3294 van
922 3231 1100 3296 Leeuuen:
1142 3255 1148 3267 ·

468 3467 528 3518 τῶν
549 3458 654 3534 μέντ’
677 3457 705 3519 έν
726 3459 816 3536 πεδίῳ
839 3459 921 3540 νέφεα
943 3459 1127 3519 πτωσσοντα
1149 3453 1266 3520 Furcae.

321 3655 498 3718 Soeuooms
520 3655 582 3718 hac
600 3675 679 3719 voce
698 3655 799 3718 utitur
810 3654 1043 3736 significatione
1053 3653 1189 3738 praeclue
1200 3653 1250 3719 Αί.
1261 3654 1301 3718 64
1313 3676 1320 3718 :
1333 3653 1452 3729 εᾶνερων

281 3761 378 3836 ἄγραν
400 3758 476 3840 ’έχων
498 3760 543 3824 Cf.
566 3760 625 3838 93,
648 3760 708 3822 att
728 3779 795 3841 sq.;
818 3759 854 3823 O.
877 3759 912 3824 C.
934 3761 1012 3839 950,
1034 3759 1091 3824 sed
1114 3759 1212 3823 eliam
1234 3761 1383 3823 octiouuu
1404 3779 1453 3822 uc-

282 3866 382 3929 uuudi
402 3886 426 3928 s.
448 3867 633 3929 ucuoticucru
657 3865 745 3946 apud
766 3885 841 3928 eum
862 3865 984 3928 indicat
1005 3865 1054 3928 ni.
1077 3865 1156 3928 406:
1178 3865 1288 3941 μώρανς
1308 3865 1335 3924 δ’
1347 3865 1455 3940 ἄγραις

281 3975 498 4046 προπαείμεὲα.
519 3971 589 4034 lbid
610 3971 670 4034 880
681 3993 688 4034 :
710 3975 756 4039 τίς
767 3969 802 4029 ἂν
817 3971 976 4050 φιλοπονων
987 3970 1110 4029 arcetur
1121 3969 1197 4050 ἔχων
1208 3969 1332 4038 ἀύπνους
1343 3969 1453 4045 ἄγρας,

282 4075 338 4138 ubi
360 4076 459 4138 etiarn
479 4077 569 4139 notio
592 4075 852 4157 irrvcstipouciiet
872 4075 1050 4158 iudupuudi
1071 4076 1202 4140 accedit.

323 4181 501 4244 Aesontius
533 4181 729 4244 vocabulum
760 4179 841 4254 ἄγρα
873 4179 988 4243 eodem
1019 4179 1118 4243 modo
1146 4178 1280 4243 adhibet
1301 4199 1364 4260 quo
1386 4180 1455 4244 Ho-

283 4304 392 4348 merus
425 4286 512 4367 Sept.
545 4287 622 4361 Βλλ,
655 4287 747 4349 Eum.
781 4285 857 4363 148,
899 4304 1005 4366 neque
1036 4285 1124 4364 apud
1154 4285 1319 4349 Euarernuu
1349 4286 1455 4350 locum

269 4391 430 4455 vinvenire
452 4390 543 4472 potui
565 4390 621 4454 ubi
645 4391 784 4454 alterum
804 4409 935 4454 sensum
958 4389 1089 4468 habeat,
1111 4389 1456 4455 nisifortelon.11612
