3360 5250
820 533 861 600 92

796 744 879 806 XLI.

248 877 612 960 consueram:

328 1102 332 1108 ⁸
470 1007 511 1072 ut
531 1008 759 1091 quodcumque
781 1007 881 1072 semel
902 1004 1024 1070 chartis
1043 1004 1182 1068 illeveril.

289 1112 478 1194 Legendum
500 1117 567 1179 esi:
588 1115 730 1178 illuserit.
764 1113 959 1178 Conferaiur
980 1130 1026 1174 vo.
1051 1109 1108 1172 139
1131 1111 1173 1173 ei.
1194 1106 1309 1172 Catull.
1331 1107 1367 1184 L,
1386 1105 1422 1170 l:

250 1217 387 1283 Mullum
408 1219 544 1284 lusimus
564 1219 598 1283 in
618 1219 700 1283 meis
721 1218 859 1283 labella.

785 1401 883 1462 XLII.

250 1557 330 1624 Hor.
352 1559 419 1626 Sat.
442 1560 474 1638 1,
500 1560 556 1638 10,
578 1560 730 1642 usqu:
843 1541 846 1544 ’

431 1665 557 1746 Arguta
577 1665 747 1730 meretrice
767 1667 861 1746 potes
883 1665 1039 1745 Davoque
1060 1661 1236 1727 Chremeta

431 1769 591 1835 Xludenie
611 1789 724 1834 sanem
745 1771 840 1833 comis
860 1770 989 1853 querire
1009 1765 1125 1832 libellos

431 1875 524 1939 Unus
544 1875 693 1939 vivorum
713 1875 874 1940 Fundani.

292 1978 382 2043 FiuIs
412 1999 459 2043 vs.
490 1979 527 2044 41
561 1979 608 2044 sic
637 1979 793 2061 legendus
818 1982 886 2044 esi:
908 1979 1016 2043 comiis
1034 1977 1161 2062 qurrire
1180 1974 1299 2040 libellis.
1340 1974 1425 2039 Sunt

252 2084 408 2150 nimirum
429 2085 528 2150 libelli
552 2075 738 2164 „Sosiorum
759 2085 889 2168 pumice
909 2084 1052 2162 mundi',
1073 2082 1121 2148 cf.
1136 2082 1252 2147 Tibull.
1264 2081 1316 2160 ΙΙΙ,
1328 2081 1355 2159 1,
1369 2079 1422 2143 14:

252 2193 396 2255 comtum
416 2209 508 2272 opus

783 2303 896 2362 XLIII.

291 2475 359 2539 Liv.
380 2475 403 2556 Ι,
425 2477 453 2554 9,
473 2477 510 2541 1:
532 2476 590 2540 sed
610 2476 749 2558 penuria
769 2477 943 2540 mulierum
955 2473 1096 2540 hominis
1108 2475 1250 2539 aetatem
1266 2471 1424 2537 duratura

251 2581 443 2662 magnitudo
465 2585 543 2646 erat.
1252 2601 1253 2604 ¹

292 2686 372 2751 Post
397 2688 575 2766 „aetatem”
598 2687 808 2753 inserendum
831 2690 879 2753 esi
903 2686 1078 2766 „lanium”

775 2873 886 2933 XLIV.

293 3028 360 3092 Liv.
382 3028 479 3108 ΧΧΙΙ,
502 3029 559 3108 16,
581 3031 619 3094 7:
641 3029 728 3095 iaces
748 3030 894 3112 undique
917 3050 956 3095 ex
977 3028 1063 3111 agris
1084 3029 1237 3094 collectae
1257 3027 1425 3108 fascesque

251 3132 417 3213 virgarum
439 3137 538 3216 alque
559 3134 641 3199 aridi
663 3136 821 3200 sarmenti
844 3135 1130 3217 praeliganturque
1152 3132 1303 3198 cornibus
1314 3132 1424 3197 boum.

292 3239 380 3304 luter
404 3239 652 3318 „sarmentum
675 3241 996 3323 „praeliganturque”
1019 3239 1137 3305 excidit
1155 3239 1293 3304 verbum
1318 3255 1425 3316 „acer-

253 3346 404 3410 vantur!⁹

787 3459 883 3518 XLV.

295 3612 362 3677 Liv.
395 3613 502 3693 XXll,
533 3613 590 3696 19,
619 3616 657 3680 3:
696 3615 916 3698 quadraginta
937 3615 1070 3680 navium
1093 3615 1229 3679 classem
1253 3611 1426 3677 Himilconi

253 3718 372 3795 tradit,
405 3723 503 3802 atque
532 3721 579 3786 ila
611 3721 808 3802 Carlhagine
840 3721 1002 3801 profectus
1023 3720 1162 3784 navibus
1183 3739 1286 3800 prope
1303 3722 1426 3783 terram

255 3823 432 3888 exercitum
452 3826 486 3888 in
507 3826 601 3890 lilore
623 3826 772 3890 ducebat.

294 3927 382 3995 luter
405 3931 605 4012 „profectus”
628 3933 660 3995 et
684 3930 859 4009 „navibus”
880 3929 1043 3995 iuseratur
1067 3929 1225 4008 „vectus”

787 4115 898 4175 XLVI.

296 4297 374 4362 Tac.
394 4296 481 4360 Ann.
504 4295 564 4373 ΙΙΙ,
587 4297 646 4360 Ιὸε
667 4298 794 4360 acriora
814 4316 853 4360 ex
875 4315 913 4360 eo
934 4295 1041 4359 vincla
1061 4297 1119 4359 etc.

517 4401 705 4484 Lugendum
728 4405 777 4466 esi
798 4403 919 4466 artiora
940 4421 965 4465 s,
986 4401 1133 4464 arctiora.
