3312 5250
777 545 817 610 29

199 726 466 806 μετεστράφησαν,
500 729 729 802 „converterunt
749 744 813 788 sese
833 724 889 806 qui
910 727 1002 806 terga
1023 723 1183 791 dederant
1207 727 1239 789 et
1259 723 1379 790 obversi

202 831 237 892 ire
259 829 374 893 hostem
396 829 563 894 steterunt'
586 828 633 894 df.
656 831 688 888 A
710 828 767 906 39,
788 830 816 890 Ν
837 830 910 893 558.

244 935 268 994 B
289 935 363 998 316:
385 934 439 1000 τὴν
459 931 695 1012 δ’ἐλελιξὰμενος
716 933 866 1008 ππέονγος
888 931 995 1007 ’λάβεν
1017 935 1036 999 Ι.
1058 933 1155 1001 riarde
1169 933 1374 1020 μλιξάμενος,

203 1058 236 1103 se
258 1046 434 1103 converteres
454 1040 539 1104 atam
558 1038 719 1121 potiorum
739 1040 852 1102 matris
873 1040 1023 1122 arripuit.

242 1147 267 1204 Z
290 1145 366 1208 109:
386 1146 426 1214 ὣς
446 1143 605 1223 ἐλέλιχθεν
626 1143 643 1205 l·
665 1143 705 1212 ὣς
725 1139 893 1228 ἐλέλιχθεν,
917 1165 948 1207 se
970 1150 1195 1208 converterunt.

243 1253 268 1310 P
299 1250 374 1314 ⁶278:
402 1251 488 1325 μὰλν
516 1251 578 1324 γάρ
599 1247 691 1327 σφέας
712 1235 764 1311 due'
786 1245 914 1326 ἐλέλιξεν
935 1249 953 1310 l.
976 1245 1124 1334 ἐχέλιξεν,
1151 1249 1173 1313 i.
1195 1269 1222 1314 e.
1245 1249 1383 1312 celeriter

204 1355 292 1418 Δίαν
315 1355 449 1418 Graecos
469 1356 581 1436 fayore
603 1358 761 1434 captantes
781 1373 844 1416 sese
864 1361 1035 1419 convertere
1055 1355 1157 1418 iussit.
1180 1374 1193 1413 ε
1216 1354 1292 1418 311ε
1314 1352 1381 1429 περὶ

204 1457 236 1520 δὲ
266 1459 389 1540 σχεδίην
420 1455 559 1536 ἐλέλιξεν,
594 1457 611 1520 l.
635 1453 777 1541 ἐπέλεξεν,
810 1477 889 1521 nam
920 1478 1034 1524 sensus
1055 1462 1122 1524 est:
1143 1459 1258 1541 fluctus
1279 1465 1375 1522 totam

207 1571 308 1628 ratem
329 1563 485 1628 suboertit.

248 1668 351 1746 Quale
381 1667 518 1731 verbum
550 1666 576 1730 si
597 1667 742 1731 Homero
765 1667 983 1748 denegamus,
1015 1668 1247 1749 posterioribus
1269 1670 1383 1731 tamen

205 1774 310 1856 poetis
322 1771 582 1836 indeaPindaro
594 1771 627 1834 in
638 1791 700 1835 usu
711 1771 809 1836 fuisse
820 1772 932 1852 negari
944 1773 1072 1854 nequit;
1094 1773 1382 1838 vitionatumesse

208 1879 307 1943 evicit
327 1877 489 1951 (labaim,
512 1878 546 1939 at
567 1875 645 1939 satis
668 1877 838 1957 antiquum
862 1896 932 1940 esse
954 1877 1169 1942 concedamus
1181 1896 1312 1942 neeesse
1324 1879 1384 1940 est.

246 1984 327 2048 Ecce
348 1981 435 2046 enirn
456 1999 542 2062 quae
562 1980 662 2044 habet
679 1981 852 2046 Pmonnus:
873 1981 921 2045 Ol.
940 1981 983 2046 lX
1006 1983 1058 2046 13:
1080 1983 1227 2062 φόρμιγγ’
1239 1979 1379 2058 ἐλελίζων

205 2089 227 2154 i.
250 2109 278 2153 e.
297 2088 431 2172 pulsans
452 2084 606 2148 citiorem
628 2085 674 2149 Ci.
697 2086 791 2167 Pyth.
816 2087 877 2150 14.
926 2086 1055 2152 Vibrore
1077 2092 1126 2152 est
1145 2087 1238 2152 Nem.
1261 2087 1304 2150 tX
1329 2087 1381 2151 19:

205 2196 333 2270 Κρονίων
352 2188 524 2267 ἀστεροπὰν
547 2186 703 2270 ἐλελίξαις.

249 2297 474 2378 Compositum
504 2292 690 2374 ἐλελίχθων,
725 2301 842 2359 terrem
872 2298 1015 2378 quotiens
1043 2297 1274 2379 legiturPyth.
1297 2297 1383 2362 114:

206 2407 381 2480 τετραορίας
401 2398 597 2480 ἐλελίχθονος
619 2399 667 2464 Cf.
692 2399 733 2463 Vl
753 2401 801 2464 50.

249 2507 336 2586 Quin
366 2507 456 2570 testis
490 2505 634 2570 Pindaro
666 2504 830 2586 antiquior
861 2506 969 2571 afferri
999 2525 1095 2589 posse
1126 2507 1270 2584 videtum
1302 2527 1382 2573 nam

208 2614 330 2697 Hymn.
353 2612 424 2677 Cer.
449 2609 662 2691 1831egitur:

891 2732 966 2810 ἀμφὶ
986 2730 1019 2793 δὲ
1039 2733 1157 2803 πέπλος

458 2836 577 2905 κυάνεος
596 2837 729 2911 iuberetur
749 2844 825 2905 θεᾶς
846 2838 995 2917 ελελίξετο
1018 2842 1128 2897 ποσσίν

208 2971 242 3035 et
269 2968 322 3033 hic
348 2970 435 3032 certe
454 2966 555 3030 verbo
577 2969 724 3050 retrocco
744 2967 869 3030 nullum
891 2967 1089 3032 essetecum
1110 2967 1224 3049 quovis
1246 2967 1384 3050 pignore

204 3077 345 3151 certem,
366 3071 467 3136 immo
488 3070 663 3153 requiritur
682 3071 798 3153 fluere,
820 3091 880 3142 nos
905 3072 1129 3154 „wapperen''‚
1151 3073 1203 3138 vel
1224 3077 1260 3137 ut
1272 3074 1378 3156 expri-

204 3179 265 3245 mit
295 3179 447 3245 inversu
468 3175 578 3244 divino
600 3180 698 3260 poeta
720 3178 862 3258 anglicus
883 3177 968 3242 John
988 3177 1103 3260 Keats,
1125 3178 1181 3261 qui
1202 3179 1243 3244 de
1265 3179 1374 3262 Hype-

204 3285 297 3352 rione
317 3284 413 3352 dicit:

310 3433 385 3511 „His
407 3431 541 3513 flaming
561 3431 656 3496 rohes
678 3430 843 3519 streamed
864 3431 921 3495 out
941 3429 1073 3513 beyond
1093 3430 1143 3496 his
1165 3431 1274 3497 heels’'

209 3566 243 3628 et
262 3562 398 3646 Jacques
420 3561 505 3626 Perk
526 3563 653 3626 noster:

393 3693 473 3771 „Tot
493 3692 547 3775 mij
568 3691 636 3756 lokt
656 3690 784 3756 Zefier's
805 3691 987 3772 wapprend
1010 3692 1176 3773 genetur

251 3822 318 3887 tam
339 3821 549 3902 inspiciamus
569 3821 728 3902 tragicos;
750 3821 835 3886 inter
855 3840 937 3903 quos
958 3821 1083 3903 primus
1105 3823 1276 3890 adeundus
1289 3824 1384 3892 nobis

208 3932 258 3994 est
279 3927 478 4005 Soanocnns,
498 3927 550 3991 ille
571 3929 678 4003 ,atrae
699 3923 819 3987 ἐσθλῶν
839 3925 981 4003 ἀγώνων,
1005 3926 1159 4008 quiunt.
1183 3930 1240 3993 153
1263 3932 1384 3998 habet:

473 4076 486 4134 i
509 4074 617 4148 Θήβας
638 4075 665 4134 δ’
687 4071 855 4154 ἐλελίχθων
876 4077 1007 4154 Βάκχιος
1028 4075 1115 4156 ἄρχον

210 4207 268 4272 ubi
288 4211 399 4271 tamen
420 4206 517 4269 Laur.
540 4224 560 4268 a
581 4222 682 4268 manu
703 4204 811 4285 prima
832 4203 963 4268 exhibet
984 4201 1133 4281 ἐλελίζων,

250 4312 355 4376 Schol.
377 4311 420 4374 ad
440 4311 528 4374 hunc
548 4309 654 4374 locum
676 4309 815 4390 explicat
835 4312 1037 4388 νινησίχθων,
1061 4328 1164 4392 quare
1185 4311 1299 4377 melius
1322 4313 1384 4380 erit

207 4417 376 4499 vulgatam
406 4414 577 4480 lectionem
608 4413 767 4497 retinere,
799 4413 861 4479 nisi
891 4412 1087 4480 scholiastae
1107 4418 1255 4499 ternpore
1275 4420 1384 4489 textus
