3312 5250
839 531 878 596 18

268 731 339 776 eum
369 710 502 776 edesus
529 713 633 791 exire,
664 731 773 794 propr.
797 708 1005 792 comprobate,
1036 708 1235 770 assentimini
1255 727 1326 770 eum
1347 705 1449 781 exire,

269 834 330 880 nos
363 815 472 892 ‚vindi
503 815 527 880 ’l
547 816 630 897 goed
660 817 718 880 (lat
738 815 862 898 hij...”
895 813 1064 888 (στέργω,
1093 811 1244 890 ἀγαπᾶν).
1267 809 1394 873 —Sed
1417 813 1450 874 et

269 918 425 984 suadendi
444 919 629 1003 iubendique
650 939 783 984 sensum
803 919 904 984 habel
925 905 983 982 Clu
995 918 1056 980 55:
1080 917 1146 975 αἰνῶ
1157 912 1190 976 δὲ
1202 917 1342 991 spinter)
1354 914 1450 974 τάσδε

270 1027 424 1094 συνθήκας
444 1022 520 1100 ἐμάς
542 1023 589 1088 Cl.
611 1025 691 1100 715,
713 1025 751 1088 fr.
773 1024 843 1088 377.

311 1127 506 1209 Simpliciter
527 1128 629 1192 dicere
651 1129 787 1193 denotat
796 1128 855 1208 Ag.
876 1126 963 1190 1487
975 1122 992 1194 ἢ
1005 1126 1105 1201 μέγαν
1117 1124 1202 1193 οἴκοις
1212 1123 1311 1183 τοῖσδε
1322 1123 1450 1200 δαίμονα

269 1231 318 1295 καὶ
337 1230 503 1308 βαρύμηνιν
523 1234 607 1303 αἰνεῖς
629 1233 676 1298 Cf.
698 1234 755 1312 98,
780 1233 843 1298 Ch.
867 1231 934 1294 197,

311 1338 471 1402 Enmrmns
502 1356 633 1419 quoque
664 1357 762 1401 sensu
793 1335 958 1417 primitivo
989 1333 1145 1397 laudandi
1177 1335 1209 1397 el
1230 1330 1451 1414 comprobandi

273 1441 408 1507 adhibet
432 1441 487 1507 Or.
507 1443 568 1506 498
579 1465 586 1506 :
609 1442 639 1502 ui
659 1441 722 1518 γὶρ
742 1442 845 1502 αἰνέσω
856 1441 932 1501 ποτέ
944 1439 1022 1520 (scil.
1034 1439 1194 1520 αἴσχιστον
1205 1437 1306 1518 ἔργον)
1320 1436 1368 1501 Cf.
1380 1436 1449 1515 519,

275 1545 354 1624 787;
384 1546 469 1612 Med.
493 1547 574 1624 908,
607 1547 730 1612 Phoco.
756 1547 851 1624 1677,
883 1545 1083 1627 11100483,
1119 1543 1186 1624 lph.
1208 1542 1248 1606 Α.
1269 1541 1349 1620 506,
1382 1540 1451 1604 655.

274 1649 353 1714 lbid.
376 1651 436 1716 979
456 1671 525 1734 sq.:
548 1651 706 1728 αἰνούμενοι
727 1649 789 1726 γὰρ
809 1649 926 1726 ἁγαθοὶ
947 1651 1058 1726 τρίτον
1078 1647 1143 1708 τινὰ

525 1763 643 1832 μισοῦσι
663 1756 732 1826 τοὺς
752 1755 920 1828 αἰνοῦντας,
943 1753 976 1824 ἣν
996 1754 1094 1814 aluiso*
1117 1753 1208 1827 ἄγαν.

317 1861 397 1928 lnde
426 1879 557 1944 quoque
586 1860 747 1942 significat
767 1863 812 1924 iu
843 1861 951 1944 aliqua
980 1880 1015 1922 re
1035 1860 1224 1942 acquiescere
1245 1859 1445 1938 („genoegen

280 1985 402 2033 nemen
421 1968 490 2031 met
510 1966 602 2040 ieis'')
622 1968 659 2029 ut
679 1965 771 2029 initio
791 1963 980 2029 Alcestidis:

497 2100 541 2171 Ὦ
561 2111 679 2188 δώματ’
701 2110 858 2188 Αδμητει’,
883 2107 912 2170 ἐν
933 2104 1083 2180 ο1ςέτλην
1104 2106 1165 2184 ἐγὼ

578 2220 701 2282 θῆσσαν
721 2216 876 2292 τράπεζαν
897 2215 1007 2274 αἰνέσαι
1026 2216 1098 2283 θεὸς
1119 2234 1175 2290 τερ
1198 2212 1246 2272 ὤν.

316 2343 463 2409 Polliceri
493 2348 542 2409 esl
573 2345 640 2408 Alc.
675 2344 728 2408 12:
760 2343 866 2430 ᾔνεσαν
896 2344 929 2404 δέ
960 2366 1010 2420 μοι
1031 2343 1100 2402 θεαὶ
1122 2342 1283 2418 ’Ἄδμητον
1305 2343 1380 2423 ᾅδην
1402 2341 1454 2402 τὸν

275 2453 433 2525 παραυτίκ’
455 2447 597 2530 ἐκφυγεῖν,
622 2447 677 2513 Or.
701 2448 948 2535 1656110161..
970 2448 997 2507 δ’
1019 2447 1149 2528 ἀδελφῆς
1175 2447 1310 2523 λέκτρον,
1339 2439 1360 2525 ᾧ
1382 2447 1454 2509 τοτ’

277 2553 383 2642 ᾔνεσας
402 2555 463 2626 δὸς.
497 2554 660 2620 Nauckius
681 2553 817 2619 coniecit
837 2552 875 2623 ὡς
885 2555 1063 2641 κατῄνεσας,
1077 2553 1189 2617 malim
1201 2551 1449 2641 Qner.

315 2658 414 2741 Apud
441 2660 599 2726 Pmonnnn
621 2679 724 2724 unum
745 2679 878 2725 sensum
899 2659 1056 2723 laudandi
1076 2659 1128 2723 vel
1149 2658 1370 2742 comprobandi
1392 2659 1452 2723 ob·

276 2763 359 2828 tinet
389 2763 437 2829 Ol.
460 2765 500 2830 lV
524 2765 576 2846 17,
610 2766 705 2848 Pyllr.
727 2765 822 2846 143,
853 2766 934 2830 Nem
958 2765 1077 2844 11179,
1101 2764 1211 2828 lslhm.
1234 2763 1289 2827 711
1312 2765 1352 2828 69
1374 2763 1457 2840 (7111

278 2868 339 2944 76).
359 2903 399 2914 -
419 2871 511 2936 Nem.
535 2871 625 2950 177,
647 2871 743 2953 Pyth.
768 2871 806 2934 lV
829 2872 907 2950 140,
932 2871 1043 2934 lsthm.
1070 2870 1109 2932 Vl
1132 2869 1214 2946 (Vll)
1236 2869 1286 2932 37.

320 2975 414 3040 Nunc
443 2975 613 3041 videamus
645 2977 686 3040 de
714 2975 918 3039 substantivo
939 2965 1024 3044 αἶνος.
1070 2973 1166 3052 Quod
1190 2974 1279 3056 apud
1303 2974 1458 3038 Horonon

281 3081 402 3146 indicat
433 3079 558 3144 laudem
589 3080 640 3144 vel
673 3082 842 3144 orationem
874 3079 908 3143 in
936 3079 1069 3143 alicuius
1099 3079 1230 3144 laudem
1252 3079 1400 3144 habitam
1425 3077 1458 3138 Ψ

281 3187 359 3252 657ς
381 3183 472 3266 ᾤχετ’
495 3182 556 3244 έσεί
576 3187 667 3245 σαντ’
689 3173 765 3244 αἶνον
786 3182 910 3248 ἐπέκλυε
932 3182 1080 3253 Νηλεΐδαο
1106 3183 1153 3248 Cf.
1177 3185 1246 3248 795.

323 3291 502 3356 Sornoonrs
523 3291 568 3355 sic
588 3289 688 3355 habel
707 3289 744 3355 Ο.
767 3289 802 3355 C.
825 3289 904 3353 709:
926 3289 1021 3348 ἄλλον
1043 3289 1070 3348 δ’
1092 3279 1166 3347 αἶνον
1187 3286 1247 3370 ἔχω
1269 3290 1456 3365 ματροσίλεν

284 3399 357 3480 τᾷδε
382 3397 587 3472 κράτιστον-
604 3397 699 3457 εἰπεῖν.
724 3397 844 3461 lterum
866 3395 982 3477 legitur
1002 3395 1085 3459 Phil.
1109 3395 1206 3458 1380:
1229 3382 1250 3454 ὧ
1272 3392 1360 3455 δεινὸν
1383 3384 1459 3454 αἶνον

284 3503 411 3578 αἰνέσας,
434 3503 490 3566 ubi
511 3504 647 3566 fortasse
668 3501 786 3566 dictum
808 3500 981 3582 significat,
1002 3499 1066 3564 vid.
1089 3519 1188 3581 supra
1202 3499 1234 3564 in
1246 3501 1347 3564 verbo
1358 3499 1456 3560 αἰνεῖν.

285 3607 364 3672 Aliis
394 3605 502 3688 potius
534 3607 698 3670 consilium
725 3607 787 3670 hoc
808 3606 877 3670 loco
898 3606 1007 3670 valere
1028 3605 1176 3685 videtur,
1211 3606 1248 3670 ot
1266 3605 1460 3671 vertendum

285 3711 345 3776 sii:
368 3732 384 3775 o
406 3717 440 3776 iu
460 3711 515 3796 qui
535 3711 613 3774 milui
633 3717 697 3774 inm
717 3732 811 3794 quave
832 3712 997 3776 consilium
1018 3709 1142 3776 dedisti.

325 3817 409 3898 Ergo
440 3835 506 3880 non
537 3815 698 3898 reperitur
722 3815 880 3881 -hodie
914 3819 1000 3881 certe
1022 3851 1058 3862 -
1083 3816 1118 3880 in
1140 3816 1327 3899 Sophocleis
1349 3835 1459 3882 exem-

166 3943 168 3950 ·
286 3924 377 4006 plum
408 3919 556 3986 dictionis
587 3920 793 4000 recentioris,
826 3940 925 4003 quam
947 3940 1014 3985 uno
1037 3921 1171 3986 Homeri
1193 3922 1263 3985 loco
1286 3939 1460 4001 agnoscere

288 4028 431 4111 cogimur
452 4025 513 4090 nisi
534 4025 711 4090 admodum
735 4029 881 4090 contorte
893 4046 967 4091 eum
978 4026 1185 4109 interpretari
1196 4026 1459 4108 velimuS,E508:

468 4144 489 4214 61
510 4155 608 4233 γέρον,
631 4146 706 4226 αἰνος
728 4156 847 4233 μέντοι
870 4155 1008 4234 ἀμύμων,
1032 4155 1062 4216 ὃν
1082 4156 1268 4236 κατέλεξας,

288 4287 341 4354 hic
368 4285 455 4352 enim
476 4304 544 4350 non
566 4285 608 4350 de
627 4285 773 4350 laudibus
794 4286 852 4351 sed
874 4287 915 4350 de
937 4287 1049 4368 lepido
1070 4287 1460 4369 qnaepraecedituarra·

289 4393 429 4462 iiuuculu
450 4392 626 4476 usurpatur
646 4390 841 4457 vocabulum
862 4379 947 4464 αἶνος.
993 4390 1066 4472 Qua
1087 4391 1127 4458 dc
1148 4391 1382 4476 significatione
1395 4394 1426 4472 (s
1444 4424 1459 4440 .
