3360 5250
802 523 839 589 81

218 729 309 784 cum
338 725 418 774 voce
448 692 542 784 ἦμαρ,
574 703 631 769 uhi
651 702 903 785 circumscriptio
924 707 974 771 est
994 705 1132 784 ὀλέθρου,
1164 703 1319 780 θανάτου,
1341 704 1406 786 sig-

191 803 194 808 ¹
236 815 347 880 nificat
366 812 464 894 igitur
483 815 662 888 furtatum,
685 810 826 888 fatalem,
848 809 972 892 active,
994 814 1022 873 T
1043 813 1103 878 949
1125 818 1158 879 et
1179 814 1249 876 409.

274 921 455 986 Soruocurs
486 917 702 981 eodemmodo
723 916 765 979 de
785 936 819 979 re
839 915 942 982 habet
961 917 1012 983 Ai.
1033 917 1112 983 797:
1133 914 1233 998 ἔξοδον
1253 915 1403 994 ὀλεθρίαν,

238 1025 287 1092 ef.
307 1024 345 1090 0.
368 1023 405 1089 C.
428 1021 525 1101 1683,
547 1021 664 1086 Trach.
683 1021 753 1085 845.

277 1129 345 1195 Sed
385 1128 485 1194 eliam
521 1126 650 1208 passive
681 1125 770 1208 apud
801 1144 877 1190 eum
907 1127 1024 1208 legitur
1055 1127 1096 1194 de
1127 1127 1281 1207 homine,
1312 1144 1410 1191 sensu

233 1235 373 1324 perditi,
404 1233 455 1298 Αἱ.
485 1232 565 1296 403:
596 1230 679 1290 ἀλλά
706 1231 741 1307 μ’
772 1232 792 1289 ἁ
821 1230 893 1302 Διὸς
915 1232 1031 1310 &tripu
1052 1233 1124 1304 Sede
1144 1232 1278 1307 ὀλέθριον
1297 1231 1410 1307 οἰκίζει,

238 1342 259 1406 1.
281 1361 309 1406 e.
330 1338 478 1422 Ioviqena
497 1335 626 1416 Pallas,
646 1337 742 1414 fortis
762 1335 840 1417 dea,
861 1358 910 1402 me
930 1339 977 1402 ila
996 1345 1083 1404 nocet
1102 1345 1139 1404 ul
1155 1339 1299 1423 perditus
1316 1336 1414 1418 fiam,

240 1445 288 1512 Gi.
308 1444 347 1510 Ο.
368 1444 409 1508 R.
432 1442 529 1536 1843,
550 1442 669 1507 Trach.
691 1441 762 1507 878.

278 1549 459 1614 Auscurmu
488 1547 523 1612 in
553 1547 617 1612 hoc
638 1546 740 1610 verbo
761 1565 893 1628 quoque
913 1546 1125 1614 Homericam
1146 1546 1414 1614 consuetudinem

239 1657 350 1720 servat
369 1653 459 1734 Sept
481 1651 559 1732 198,
590 1651 668 1728 704;
700 1650 760 1732 Ag.
784 1652 882 1730 1156,
915 1651 975 1718 Ch.
996 1653 1076 1735 679,
1097 1654 1176 1736 951,
1198 1672 1305 1736 neque
1326 1649 1415 1734 apud

239 1759 406 1825 Euaremru
425 1757 533 1822 locum
553 1755 699 1820 invenire
718 1756 811 1838 potui
832 1755 888 1821 ubi
909 1757 1003 1823 aliter
1023 1762 1218 1824 occurreret.

281 1863 319 1928 ln
337 1863 467 1928 Pmrm
487 1861 613 1944 scriptis
634 1860 833 1926 adiectivum
853 1879 921 1926 non
941 1865 1040 1929 extat.

282 1970 390 2038 Ὀλοός
419 1967 508 2050 apud
538 1966 694 2032 Houramr
723 1966 812 2032 idem
843 1971 893 2032 est
924 1969 1013 2051 quod
1045 1968 1190 2045 ὀλέθριος,
1212 1967 1259 2034 sic
1279 1968 1320 2034 de
1339 1967 1416 2032 love

242 2075 418 2141 adhibetur
437 2095 454 2133 υ
474 2073 553 2137 201:
574 2071 651 2143 οῦσις
666 2083 726 2132 σεῖο
737 2080 815 2136 θεῶν
826 2071 987 2151 ὀλοώτερος
1006 2075 1112 2152 ἄλλος,
1125 2076 1167 2142 de
1177 2075 1275 2140 rebus
1285 2091 1417 2156 quoque

243 2181 271 2243 Γ
293 2179 351 2244 133
381 2180 525 2258 πόλεμος,
546 2179 560 2237 Ι
580 2179 641 2242 305
668 2178 782 2254 λύσσα,
806 2179 835 2239 Ν
856 2179 917 2252 629
936 2186 1007 2258 πῦρ,
1030 2202 1055 2263 χ
1076 2181 1136 2248 200
1155 2181 1279 2260 δεσμός,
1301 2180 1336 2242 Π
1357 2177 1414 2243 701

243 2285 315 2374 ὀλοὰ
335 2284 468 2366 φρονέων,
492 2285 623 2348 emilie-ta
642 2287 763 2349 mente.

283 2391 350 2458 Sed
370 2390 406 2455 in
425 2389 598 2455 somocus
618 2390 746 2455 Electra
766 2409 813 2455 vs.
834 2389 895 2456 844
915 2391 1044 2472 passive
1064 2394 1263 2475 usurpatur:

603 2549 655 2626 φοῦ
673 2544 752 2612 δῆτ’·
774 2543 846 2605 ὀλοὰ
866 2544 928 2621 γὰρ
947 2543 1055 2624 ἐδάμη,

245 2703 265 2768 1.
288 2720 316 2766 e.
337 2701 452 2765 mulier
470 2699 597 2784 perdita
614 2700 799 2784 persumet,
820 2699 862 2764 de
883 2698 1036 2782 Eriphyle
1057 2699 1189 2765 dictum.

285 2805 502 2870 Miserrimum
522 2804 659 2869 denotat
678 2804 796 2870 Trach.
817 2804 897 2869 elo:
917 2789 935 2872 ἦ
956 2826 1013 2865 σου
1033 2803 1105 2865 ὀλοὰ
1125 2805 1240 2882 στένει,
1263 2804 1417 2873 nisidio&

245 2913 278 2979 h.
305 2912 325 2977 l.
347 2910 577 2976 adverbialiter
598 2910 825 2992 accipiendum
844 2910 886 2975 sit
907 2914 940 2976 et
960 2911 1155 2976 vertendum
1175 2912 1333 2988 infaustos
1354 2912 1419 2977 clo·

246 3037 347 3084 mores
367 3016 439 3081 edit.

286 3122 484 3204 Plerumque
514 3121 694 3187 arsamus
724 3123 787 3187 hoc
815 3121 975 3187 vocabulo
1002 3121 1105 3186 utitur
1132 3123 1288 3198 ὁμηρικῶς,
1310 3123 1420 3188 Prom.

247 3229 327 3310 554,
358 3228 447 3312 Sept.
478 3227 557 3307 913,
589 3227 667 3307 768,
699 3227 760 3293 994
779 3248 844 3311 sq„
867 3228 934 3307 Ksed
954 3232 1004 3294 est
1023 3227 1080 3293 ubi
1099 3227 1258 3312 perditum
1279 3227 1421 3307 indicat,

247 3353 366 3418 nempe
386 3334 476 3398 Pers·
497 3333 576 3398 962:
597 3331 697 3404 ὀλοοὺς
718 3333 878 3395 ἀπέλειπον
899 3369 939 3378 -
958 3332 1096 3411 ἔρροντας
1106 3330 1153 3394 ἐπ’
1165 3332 1283 3404 ἀκταῖς.
1308 3331 1421 3417 Suppl.

248 3441 309 3506 842
338 3459 399 3524 pro
428 3444 544 3503 σοῦσθε
574 3444 683 3501 σοῦσθ’
716 3439 854 3518 ὀλόμεναι
873 3439 991 3518 ὀλόμεν’
1013 3437 1059 3501 ἐπ’
1081 3438 1222 3517 deidati)
1242 3438 1360 3522 legitur
1380 3457 1421 3505 ex

249 3547 435 3615 coniectura
454 3547 637 3613 Hermanni
658 3545 739 3607 ὀλοοὶ
759 3547 831 3625 μέγ’
853 3543 900 3607 ἐπ’
922 3545 1030 3624 &pata
1052 3545 1194 3627 (navem).

288 3653 489 3720 Perniciosus
509 3655 559 3719 est
578 3652 614 3718 in
632 3653 784 3718 Eorumrs
803 3652 906 3718 Andr.
930 3652 1017 3734 lala,
1039 3650 1094 3718 Or.
1117 3651 1204 3734 1000,
1228 3650 1327 3735 Hipp.
1347 3651 1417 3734 883,

201 3810 205 3820 -
250 3761 309 3830 sed
325 3760 505 3848 perditum,
527 3759 721 3826 devmtolem
741 3757 901 3842 significat
921 3756 1042 3824 Troad.
1062 3755 1123 3824 849
1143 3776 1213 3842 sq.:

611 3914 725 3995 ἁμέρας
744 3920 836 3998 φίλιον
856 3915 977 3994 βροτοῖς

612 4021 728 4104 φέγγος
747 4019 832 4084 ὀλοὸν
853 4011 908 4083 οἶδε
928 4029 1028 4099 γαῖαν.

291 4181 446 4254 Purpureos
465 4183 529 4250 hoc
547 4181 708 4249 vocabulo
728 4200 796 4247 non
816 4179 929 4246 utitur.
