3360 5250
831 511 874 576 ts

262 701 401 762 naturae
420 697 633 776 praepostera
652 693 776 774 legibus
797 691 1119 770 ibunt'noxoritur,
1141 711 1250 774 neque
1259 690 1431 756 evanescit

264 803 329 866 Pro
369 799 555 874 ἑνιμζεμένι
585 799 697 862 variae
726 799 803 862 sunt
833 796 1057 874 ooniecturae,
1089 816 1230 877 quarum
1260 797 1435 860 nonnullas

265 925 458 972 enumerare
478 903 558 966 mihi
579 903 683 966 liceat.

305 1011 343 1075 O.
365 1009 475 1073 Hense
495 1007 668 1088 legendum
688 1005 857 1088 proposuit
878 1003 1092 1080 ἓτινιῳςμένι
1113 1006 1215 1086 (‚sich
1238 1005 1437 1083 erhebend'',

265 1136 384 1197 nempe
405 1119 441 1178 ut
460 1133 526 1177 nox
545 1113 604 1175 soti
626 1112 719 1176 cedat
740 1114 923 1191 iterumque
945 1129 1021 1174 eum
1043 1113 1165 1192 pellat).

308 1219 474 1284 Wecklein
494 1217 632 1282 tentarit
652 1217 857 1293 ωκριζεμένι
880 1217 1098 1297 explicuitque
1119 1217 1197 1294 ‚sibi
1214 1213 1438 1294 vicinamad-

266 1327 367 1391 finem
388 1325 532 1404 (σύκρεν)
553 1323 725 1386 efficiens’'
803 1330 810 1336 '

306 1431 345 1496 K.
366 1433 467 1494 Feoht
487 1428 622 1492 coniecit
642 1425 902 1502 μετιμεεβεμὲια,
924 1426 944 1488 i.
956 1445 985 1489 e.
1001 1428 1236 1491 cicercumsoto
1246 1432 1440 1510 permutans,

308 1537 396 1600 luter
425 1533 486 1598 has
517 1533 717 1596 coniecturas
748 1551 842 1595 meae
872 1550 1004 1612 quoque
1030 1531 1137 1596 locum
1169 1532 1334 1613 assignare
1360 1531 1442 1596 m1h1

268 1641 483 1707 concedatur:

508 1783 538 1842 ἓν
558 1783 644 1842 oridia
665 1782 716 1860 νὺξ
736 1781 931 1860 &pandenda

739 1859 902 1879 ..fl—“-

509 1893 614 1960 τίκτει,
636 1887 806 1962 κκτευνάζει
825 1885 1075 1978 QQ⁹

269 2057 290 2122 i.
312 2078 339 2122 e.
360 2075 450 2140 quem
470 2073 534 2117 uox
552 2051 675 2114 stellato
693 2051 781 2133 parit
801 2069 873 2111 cum
894 2052 1063 2121 euanescit,
1090 2048 1254 2132 splendore
1274 2050 1442 2134 spoliatum

270 2171 372 2228 tamen
394 2160 530 2225 cubitum
550 2157 675 2221 deducit
696 2155 763 2234 (qui
782 2157 930 2218 moriente
950 2162 1037 2219 uode
1053 2157 1216 2236 noscitur,
1236 2177 1326 2240 quem
1336 2162 1442 2220 umen

270 2289 333 2334 uox
352 2269 388 2331 iu
407 2267 501 2329 uicem
518 2263 642 2345 sulpure
664 2262 777 2343 spoliat
798 2266 826 2323 et
847 2259 891 2322 ud
911 2262 1043 2342 quietem
1064 2260 1210 2340 deducit).

310 2371 394 2438 Fieri
415 2370 503 2434 enim
523 2369 631 2449 potest
649 2369 687 2428 ut
707 2365 742 2428 in
762 2364 923 2428 locutione
943 2363 974 2422 ὃν
991 2366 1077 2423 αἰόλα
1088 2365 1139 2444 νὺξ
1149 2362 1335 2442 ἐναριζομένα
1346 2371 1443 2427 τίκτει

269 2477 439 2553 κατωνὰζει
468 2494 515 2547 τε,
548 2471 745 2536 adiectirum
765 2468 851 2528 αἰόλα
871 2469 953 2534 nihit
972 2469 1014 2532 sit
1034 2471 1097 2532 nisi
1118 2471 1286 2550 epitheton
1306 2470 1440 2535 honori-

270 2586 369 2649 ficum
399 2582 503 2645 noctis
534 2597 641 2658 neque
672 2596 754 2658 opus
785 2577 827 2639 sit
853 2575 916 2639 hoo
936 2575 1006 2639 toco
1026 2575 1264 2656 oppositionem
1285 2595 1444 2658 quaerere

269 2691 355 2755 inter
384 2689 470 2747 αἰὸλα
501 2688 534 2750 et
553 2679 750 2758 ἓνκριζομένκ.
796 2681 848 2744 Ad
868 2681 1040 2756 κκτευνὰζει
1060 2685 1131 2743 tum
1151 2681 1323 2746 referenda
1344 2686 1443 2746 erunt

270 2798 399 2860 tantum
432 2789 591 2854 vocabula
611 2787 696 2846 uitta
717 2786 780 2864 νύξ,
804 2805 878 2848 curu
898 2805 962 2848 vox
983 2782 1170 2862 ἑνκμζομένα
1191 2789 1321 2850 tautum
1342 2786 1443 2867 perti-

270 2907 348 2965 neat
379 2897 422 2962 ad
448 2899 554 2957 τίκτει.
598 2893 710 2972 ltaque
741 2889 895 2971 explicari
919 2893 1046 2970 potest:
1077 2911 1167 2974 quem
1191 2911 1253 2953 nou
1273 2891 1396 2954 stettotu
1416 2897 1445 2956 et

272 3001 393 3086 (moue)
424 3002 560 3065 moruus
587 3000 676 3081 parit
706 3002 735 3060 et
765 3001 916 3078 (vespere)
944 2994 1081 3058 curbitum
1101 2995 1241 3074 deducit,
1273 2995 1362 3077 quod
1382 2996 1444 3060 nisi

154 3127 170 3150 ¹
271 3109 448 3187 faciamus,
469 3102 640 3178 κατευνάζει
660 3100 737 3164 vitio
759 3105 874 3164 natum
895 3101 937 3164 sit
956 3119 1088 3165 necesse
1109 3104 1178 3182 est,
1203 3101 1443 3184 requiritorque

271 3214 409 3280 verbum
430 3213 564 3276 exciture
583 3208 635 3271 vet
655 3206 760 3270 simile
780 3205 860 3287 quid
880 3205 1038 3269 indicans.

312 3319 364 3384 Αἱ.
396 3317 436 3380 26
466 3315 581 3396 legitur
612 3313 652 3376 de
684 3312 799 3376 ovibus
819 3308 1009 3391 ἒφὲὲαρμένας
1030 3312 1201 3390 εὑρίσκομεν
1222 3318 1301 3383 λείας
1320 3314 1445 3384 ἁπάσας

272 3424 321 3490 καὶ
342 3419 597 3498 κατηναρισμένας
617 3418 706 3502 quod
725 3417 859 3482 minime
880 3422 1008 3500 epicum
1029 3425 1087 3482 est.
1119 3420 1282 3484 Homerus
1302 3421 1446 3484 suaviter

273 3535 414 3609 risisset,
437 3528 571 3610 opinor,
593 3526 636 3590 ad
660 3524 855 3602 ,debellatos
876 3525 936 3590 hos
956 3525 1105 3589 balantes
1125 3525 1292 3608 boumque
1312 3525 1446 3607 spotia'’.

314 3635 494 3702 Assorinos
514 3633 604 3697 nulla
623 3631 869 3713 spoliandorum
887 3650 1054 3696 armorum
1063 3631 1198 3696 notione
1209 3632 1337 3696 adiecta
1347 3650 1445 3696 sensu

274 3740 477 3823 interficiendi
507 3740 568 3803 hoc
588 3739 689 3802 verbo
710 3737 812 3801 utitur
831 3737 891 3819 Ag.
914 3738 1011 3803 1644:
1042 3742 1073 3798 τί
1093 3737 1129 3804 δὴ
1150 3736 1202 3798 τὸν
1221 3737 1313 3814 ἄνδρα
1334 3771 1375 3781 -—
1395 3733 1445 3799 οὐκ

274 3845 362 3918 αὐτὸς
383 3846 523 3922 ἠνάριζες.

316 3955 390 4018 Nou
411 3952 525 4034 legitur
546 3951 634 4032 opud
654 3951 832 4030 Eumeronu,
855 3950 913 4014 sed
934 3949 1033 4015 etiam
1053 3951 1206 4016 Pmosnus
1218 3951 1260 4014 ab
1272 3948 1447 4014 Homerica

276 4058 509 4128 consuetudine
530 4056 665 4121 descivit
685 4058 776 4122 Nem.
799 4058 840 4123 Vt
859 4060 921 4124 52:
942 4068 1065 4134 φαεννᾶς
1086 4056 1142 4119 otiu
1154 4047 1213 4117 εὖτ’
1225 4054 1349 4136 ἐνάριξεν
1361 4057 1446 4126 Ἀόος

275 4167 361 4248 ἀκμᾷ
383 4163 492 4246 ’ἔγχεος
513 4163 657 4240 ζακότοιο.

317 4275 388 4338 Hoc
408 4275 478 4336 loco
501 4272 600 4336 etiam
622 4270 765 4336 breviter
785 4274 967 4338 notandum
988 4275 1116 4340 videtur
1128 4275 1264 4339 verbum
1274 4277 1444 4356 αἰχμάζειν,

277 4381 366 4466 quod
387 4379 476 4464 apud
496 4379 651 4446 Honorum
672 4379 832 4462 significat
852 4383 954 4445 iaculo
973 4386 1126 4466 pupuure,
1146 4384 1284 4448 ioculari
1305 4386 1447 4468 (proprie
