3312 5250
251 1889 439 1972 Antequam
460 1891 720 1957 dissertationem
740 1891 845 1973 ipsam
864 1893 1042 1974 aggredior,
1063 1893 1203 1958 iucundo
1220 1891 1300 1957 mihi
1310 1892 1384 1957 fun·

213 2019 354 2100 gendum
386 2023 435 2084 est
466 2021 589 2100 officio,
621 2023 658 2084 ut
688 2020 764 2084 viris
796 2021 979 2086 clarissimis
1001 2021 1275 2104 doctissimisque,
1301 2040 1382 2103 quos

212 2149 292 2214 mihi
322 2149 356 2213 in
387 2149 564 2214 Academia
595 2153 821 2231 praeceptores
852 2151 1005 2214 habuisse
1027 2149 1176 2232 contigit,
1208 2171 1247 2216 ex
1268 2151 1383 2216 intimo

213 2282 344 2361 pectore
365 2281 472 2359 grates
495 2272 599 2360 agam.
745 2367 748 2374 y

254 2380 361 2489 Atque
383 2409 459 2470 ante
481 2407 561 2470 alios
582 2407 662 2472 mihi
683 2408 874 2473 obversatur
897 2409 1004 2489 imago
1025 2408 1135 2489 magni
1148 2409 1279 2488 Cornu,
1298 2407 1383 2474 senis

213 2538 296 2602 illius
317 2536 524 2602 eruditissimi
545 2539 577 2630 et
594 2537 833 2617 humanissimi,
865 2538 920 2620 qui
940 2547 1015 2598 πᾶσι
1037 2537 1209 2615 μετέπρεπε
1233 2541 1265 2602 et
1285 2537 1395 2602 oculis·

213 2669 294 2732 meis
325 2667 516 2730 mirantibus
547 2663 575 2726 ἓν
605 2675 739 2737 θνητοῖσι
770 2669 882 2744 δαίμων
903 2668 1093 2746 videbatur,
1130 2667 1236 2745 ,cuius
1259 2669 1299 2732 ab
1323 2687 1379 2734 ore

214 2799 309 2864 melle
331 2797 455 2862 dulcior
475 2797 599 2862 fluebat
620 2797 742 2862 oratio’'
765 2819 831 2880 qua
851 2819 904 2862 me
924 2799 958 2862 in
979 2799 1107 2878 linguae
1129 2817 1265 2878 graecae
1280 2817 1380 2879 pene·

212 2928 307 2993 tralia
337 2927 523 2991 introduxit.
567 2927 761 2992 Litterarum
782 2927 958 2992 latinarum
979 2926 1138 3009 quidquid
1158 2927 1239 3007 scio,
1261 2947 1382 3009 magna

215 3079 255 3124 ex
285 3060 379 3140 parte
410 3077 463 3121 me
493 3055 552 3120 tibi
583 3057 702 3121 debere
733 3057 853 3138 fateor,
885 3058 935 3121 vir
966 3057 1141 3122 clarissime
1163 3057 1382 3137 Connnnrssnn,

215 3188 305 3253 cuius
326 3207 402 3267 erga
412 3205 465 3250 me
476 3186 748 3268 benevolentiam,
771 3190 863 3252 extra
873 3187 1026 3252 lectiones
1039 3185 1241 3252 academicas
1254 3207 1384 3270 quoquc

219 3319 411 3402 probatam,
442 3336 571 3398 semper
591 3319 684 3398 grato
709 3316 817 3381 animo
839 3317 1045 3382 recordabor.
1087 3317 1135 3382 Te
1157 3320 1282 3398 autem,
1304 3319 1386 3384 Pro·

215 3451 322 3513 motor
353 3431 628 3526 aestimatissiine,
645 3453 646 3456 ’
661 3447 837 3513 clarissime
858 3467 919 3512 vnn
939 3448 1109 3525 Lnnuwnn,
1132 3467 1230 3529 quern
1251 3447 1331 3513 mihi
1352 3449 1387 3516 in

216 3579 393 3645 Academia
424 3577 546 3642 litteras
568 3597 701 3658 graecas
722 3578 907 3643 tradentem
928 3577 1041 3642 audire
1062 3596 1129 3642 non
1151 3577 1299 3660 contigit,
1327 3579 1386 3644 sed

218 3709 274 3792 qui
293 3729 347 3773 me
367 3707 463 3774 toties
485 3707 646 3772 adiuvasti
667 3707 1077 3791 ,consilioquemanuque”
1100 3707 1387 3790 atquemihiviam

217 3839 406 3906 monstrasti
436 3839 471 3904 in
501 3839 563 3904 hac
595 3839 822 3905 dissertatione
843 3839 1031 3918 scribenda,
1064 3837 1214 3904 laudibus
1236 3840 1388 3906 extollere

218 3968 419 4052 superfluum
441 3971 499 4034 est.

708 4157 902 4165 ——a———ffl

259 4302 469 4388 Propositum
488 4305 569 4370 mihi
591 4307 639 4370 est
659 4304 848 4387 perquirere
870 4323 936 4386 qua
946 4303 1072 4383 ratione
1083 4302 1271 4383 SoenoonnS,
1292 4307 1391 4386 poeta

221 4409 284 4503 ille
300 4435 560 4514 ‘Opaprdraroa
588 4454 686 4516 quem
707 4435 741 4498 lo
763 4432 975 4499 Chius—vel
986 4430 1130 4514 quisquis
1140 4430 1391 4500 fuit-unicum

1311 4539 1324 4592 1
