<?xml version="1.0" encoding="UTF-8"?>
<!DOCTYPE html PUBLIC "-//W3C//DTD XHTML 1.0 Transitional//EN"
    "http://www.w3.org/TR/xhtml1/DTD/xhtml1-transitional.dtd">
<html xmlns="http://www.w3.org/1999/xhtml" xml:lang="en" lang="en">
 <head>
  <title>
</title>
<meta http-equiv="Content-Type" content="text/html;charset=utf-8" />
  <meta name='ocr-system' content='tesseract 3.04.00' />
  <meta name='ocr-capabilities' content='ocr_page ocr_carea ocr_par ocr_line ocrx_word'/>
</head>
<body>
  <div class='ocr_page' id='page_1' title='image "./studiatragicoho00kostgoog_0079.png"; bbox 0 0 3360 5250; ppageno 0'>
   <div class='ocr_carea' id='block_1_1' title="bbox 818 515 858 580">
    <p class='ocr_par' dir='ltr' id='par_1_1' title="bbox 818 515 858 580">
     <span class='ocr_line' id='line_1_1' title="bbox 818 515 858 580; baseline -0.025 0"><span class='ocrx_word' id='word_1_1' title='bbox 818 515 858 580; x_wconf 88' lang='grc'><strong>60</strong></span> 
     </span>
    </p>
   </div>
   <div class='ocr_carea' id='block_1_2' title="bbox 253 650 1427 884">
    <p class='ocr_par' dir='ltr' id='par_1_2' title="bbox 253 650 1427 884">
     <span class='ocr_line' id='line_1_2' title="bbox 253 650 1427 782; baseline -0.005 -20"><span class='ocrx_word' id='word_1_2' title='bbox 253 699 312 763; x_wconf 89' lang='lat' dir='ltr'>sed</span> <span class='ocrx_word' id='word_1_3' title='bbox 341 697 516 762; x_wconf 78' lang='lat' dir='ltr'>invalidum</span> <span class='ocrx_word' id='word_1_4' title='bbox 547 701 579 762; x_wconf 88' lang='lat' dir='ltr'>et</span> <span class='ocrx_word' id='word_1_5' title='bbox 610 719 758 782; x_wconf 78' lang='grc' dir='ltr'>ανρνννν,</span> <span class='ocrx_word' id='word_1_6' title='bbox 788 697 980 778; x_wconf 86' lang='lat' dir='ltr'>praesertim</span> <span class='ocrx_word' id='word_1_7' title='bbox 1009 695 1119 763; x_wconf 84' lang='lat' dir='ltr'>addito</span> <span class='ocrx_word' id='word_1_8' title='bbox 1141 650 1297 763; x_wconf 79' lang='lat' dir='ltr'>attributo</span> <span class='ocrx_word' id='word_1_9' title='bbox 1319 698 1427 761; x_wconf 59' lang='grc' dir='ltr'><em>ἄθλιον</em></span> 
     </span>
     <span class='ocr_line' id='line_1_3' title="bbox 255 803 701 884; baseline -0.004 -16"><span class='ocrx_word' id='word_1_10' title='bbox 255 804 390 868; x_wconf 89' lang='lat' dir='ltr'>denotat</span> <span class='ocrx_word' id='word_1_11' title='bbox 411 803 448 868; x_wconf 90' lang='lat'>0.</span> <span class='ocrx_word' id='word_1_12' title='bbox 471 803 511 866; x_wconf 89' lang='lat' dir='ltr'>R.</span> <span class='ocrx_word' id='word_1_13' title='bbox 535 803 611 866; x_wconf 89' lang='grc'><strong>1387</strong></span> <span class='ocrx_word' id='word_1_14' title='bbox 633 823 701 884; x_wconf 87' lang='lat' dir='ltr'>sq.:</span> 
     </span>
    </p>
   </div>
   <div class='ocr_carea' id='block_1_3' title="bbox 456 904 1128 1097">
    <p class='ocr_par' dir='ltr' id='par_1_3' title="bbox 456 904 1128 1097">
     <span class='ocr_line' id='line_1_4' title="bbox 796 904 1063 986; baseline 0.004 -22"><span class='ocrx_word' id='word_1_15' title='bbox 796 905 847 969; x_wconf 71' lang='lat' dir='ltr'>oda</span> <span class='ocrx_word' id='word_1_16' title='bbox 868 905 903 964; x_wconf 76' lang='grc' dir='ltr'>ἂν</span> <span class='ocrx_word' id='word_1_17' title='bbox 926 904 1063 986; x_wconf 78' lang='grc' dir='ltr'><em>ἐσχὸμην</em></span> 
     </span>
     <span class='ocr_line' id='line_1_5' title="bbox 456 1009 1128 1097; baseline 0.001 -27"><span class='ocrx_word' id='word_1_18' title='bbox 456 1009 492 1070; x_wconf 77' lang='grc' dir='ltr'>τὸ</span> <span class='ocrx_word' id='word_1_19' title='bbox 512 1011 555 1086; x_wconf 77' lang='grc' dir='ltr'>μὴ</span> <span class='ocrx_word' id='word_1_20' title='bbox 576 1010 746 1097; x_wconf 75' lang='grc' dir='ltr'><em>ἀποκλῇσαι</em></span> <span class='ocrx_word' id='word_1_21' title='bbox 767 1009 876 1086; x_wconf 70' lang='grc' dir='ltr'><em>τούμὸν</em></span> <span class='ocrx_word' id='word_1_22' title='bbox 896 1011 1002 1074; x_wconf 62' lang='grc' dir='ltr'><em>ἄθλιον</em></span> <span class='ocrx_word' id='word_1_23' title='bbox 1023 1011 1128 1087; x_wconf 79' lang='grc' dir='ltr'><em>δέμας.</em></span> 
     </span>
    </p>
   </div>
   <div class='ocr_carea' id='block_1_4' title="bbox 259 1165 1433 1454">
    <p class='ocr_par' dir='ltr' id='par_1_4' title="bbox 259 1165 1433 1454">
     <span class='ocr_line' id='line_1_6' title="bbox 300 1165 1432 1250; baseline 0.001 -21"><span class='ocrx_word' id='word_1_24' title='bbox 300 1167 380 1230; x_wconf 82' lang='lat' dir='ltr'>Item</span> <span class='ocrx_word' id='word_1_25' title='bbox 402 1165 438 1229; x_wconf 90' lang='lat'>0.</span> <span class='ocrx_word' id='word_1_26' title='bbox 461 1166 496 1230; x_wconf 85' lang='lat' dir='ltr'>G.</span> <span class='ocrx_word' id='word_1_27' title='bbox 516 1165 595 1244; x_wconf 84' lang='grc'><strong>576,</strong></span> <span class='ocrx_word' id='word_1_28' title='bbox 626 1165 744 1248; x_wconf 87' lang='lat' dir='ltr'>Trach.</span> <span class='ocrx_word' id='word_1_29' title='bbox 768 1165 864 1246; x_wconf 87' lang='grc'><strong>1056,</strong></span> <span class='ocrx_word' id='word_1_30' title='bbox 890 1166 975 1230; x_wconf 84' lang='grc'><strong>1079.</strong></span> <span class='ocrx_word' id='word_1_31' title='bbox 1009 1165 1156 1246; x_wconf 83' lang='lat' dir='ltr'>Denique</span> <span class='ocrx_word' id='word_1_32' title='bbox 1180 1165 1269 1230; x_wconf 91' lang='lat' dir='ltr'>notio</span> <span class='ocrx_word' id='word_1_33' title='bbox 1291 1169 1432 1250; x_wconf 82' lang='lat' dir='ltr'>corporis</span> 
     </span>
     <span class='ocr_line' id='line_1_7' title="bbox 260 1269 1433 1352; baseline -0.005 -16"><span class='ocrx_word' id='word_1_34' title='bbox 260 1272 385 1349; x_wconf 79' lang='lat' dir='ltr'>mortui,</span> <span class='ocrx_word' id='word_1_35' title='bbox 417 1271 595 1348; x_wconf 81' lang='lat' dir='ltr'>cadaveris,</span> <span class='ocrx_word' id='word_1_36' title='bbox 627 1271 715 1350; x_wconf 87' lang='lat' dir='ltr'>quod</span> <span class='ocrx_word' id='word_1_37' title='bbox 747 1269 778 1332; x_wconf 92' lang='lat' dir='ltr'>vi</span> <span class='ocrx_word' id='word_1_38' title='bbox 807 1274 925 1350; x_wconf 73' lang='lat' dir='ltr'>yegcta</span> <span class='ocrx_word' id='word_1_39' title='bbox 955 1270 1119 1352; x_wconf 85' lang='lat' dir='ltr'>privatum</span> <span class='ocrx_word' id='word_1_40' title='bbox 1141 1273 1189 1335; x_wconf 89' lang='lat' dir='ltr'>est</span> <span class='ocrx_word' id='word_1_41' title='bbox 1209 1269 1359 1331; x_wconf 74' lang='grc' dir='ltr'><em>οὒτὶδανον</em></span> <span class='ocrx_word' id='word_1_42' title='bbox 1383 1271 1433 1334; x_wconf 74' lang='grc' dir='ltr'>καὶ</span> 
     </span>
     <span class='ocr_line' id='line_1_8' title="bbox 259 1375 892 1454; baseline 0.003 -18"><span class='ocrx_word' id='word_1_43' title='bbox 259 1377 351 1454; x_wconf 75' lang='grc' dir='ltr'>ἄμμιν,</span> <span class='ocrx_word' id='word_1_44' title='bbox 374 1376 445 1440; x_wconf 87' lang='lat' dir='ltr'>voci</span> <span class='ocrx_word' id='word_1_45' title='bbox 465 1375 559 1451; x_wconf 80' lang='grc' dir='ltr'><em>δέμας</em></span> <span class='ocrx_word' id='word_1_46' title='bbox 580 1375 667 1450; x_wconf 81' lang='lat' dir='ltr'>inest</span> <span class='ocrx_word' id='word_1_47' title='bbox 685 1375 773 1438; x_wconf 87' lang='lat' dir='ltr'>hisce</span> <span class='ocrx_word' id='word_1_48' title='bbox 795 1375 892 1438; x_wconf 89' lang='lat' dir='ltr'>locis:</span> 
     </span>
    </p>
   </div>
   <div class='ocr_carea' id='block_1_5' title="bbox 301 1525 1265 1710">
    <p class='ocr_par' dir='ltr' id='par_1_5' title="bbox 301 1525 1265 1710">
     <span class='ocr_line' id='line_1_9' title="bbox 301 1525 1227 1612; baseline -0.003 -18"><span class='ocrx_word' id='word_1_49' title='bbox 301 1531 377 1595; x_wconf 78' lang='lat' dir='ltr'>Ani.</span> <span class='ocrx_word' id='word_1_50' title='bbox 399 1531 458 1594; x_wconf 73' lang='grc'><strong>005</strong></span> <span class='ocrx_word' id='word_1_51' title='bbox 478 1549 544 1612; x_wconf 87' lang='lat' dir='ltr'>Sq.:</span> <span class='ocrx_word' id='word_1_52' title='bbox 566 1526 614 1589; x_wconf 81' lang='grc' dir='ltr'>ἕάν</span> <span class='ocrx_word' id='word_1_53' title='bbox 634 1529 653 1588; x_wconf 93' lang='grc' dir='ltr'><em>δ</em></span> <span class='ocrx_word' id='word_1_54' title='bbox 683 1528 825 1590; x_wconf 57' lang='grc' dir='ltr'><em>ἄθαπτον</em></span> <span class='ocrx_word' id='word_1_55' title='bbox 846 1529 893 1591; x_wconf 74' lang='grc' dir='ltr'>καὶ</span> <span class='ocrx_word' id='word_1_56' title='bbox 915 1525 988 1604; x_wconf 71' lang='grc' dir='ltr'><em>πρὸς</em></span> <span class='ocrx_word' id='word_1_57' title='bbox 1009 1533 1108 1588; x_wconf 74' lang='grc' dir='ltr'><em>οἰωνῶν</em></span> <span class='ocrx_word' id='word_1_58' title='bbox 1132 1529 1227 1606; x_wconf 81' lang='grc' dir='ltr'><em>δέμας</em></span> 
     </span>
     <span class='ocr_line' id='line_1_10' title="bbox 334 1631 1265 1710; baseline 0.003 -18"><span class='ocrx_word' id='word_1_59' title='bbox 334 1634 336 1638; x_wconf 72' lang='grc'><strong>’</strong></span> <span class='ocrx_word' id='word_1_60' title='bbox 570 1631 712 1710; x_wconf 73' lang='grc' dir='ltr'><em>καὶπρὸς</em></span> <span class='ocrx_word' id='word_1_61' title='bbox 732 1643 822 1696; x_wconf 61' lang='grc' dir='ltr'><em>νοννῶν</em></span> <span class='ocrx_word' id='word_1_62' title='bbox 842 1631 962 1694; x_wconf 66' lang='grc' dir='ltr'><em>ἐδεστὸν</em></span> <span class='ocrx_word' id='word_1_63' title='bbox 983 1633 1115 1695; x_wconf 60' lang='grc' dir='ltr'><em>αὶαιοὲέν</em></span> <span class='ocrx_word' id='word_1_64' title='bbox 1137 1639 1166 1694; x_wconf 82' lang='grc' dir='ltr'>τ’</span> <span class='ocrx_word' id='word_1_65' title='bbox 1189 1635 1265 1696; x_wconf 74' lang='grc' dir='ltr'><em>ἰδεῖν.</em></span> 
     </span>
    </p>
   </div>
   <div class='ocr_carea' id='block_1_6' title="bbox 266 1789 1437 1976">
    <p class='ocr_par' dir='ltr' id='par_1_6' title="bbox 266 1789 1437 1976">
     <span class='ocr_line' id='line_1_11' title="bbox 305 1789 1437 1872; baseline 0.001 -17"><span class='ocrx_word' id='word_1_66' title='bbox 305 1790 353 1855; x_wconf 79' lang='lat' dir='ltr'>Cf.</span> <span class='ocrx_word' id='word_1_67' title='bbox 375 1790 451 1854; x_wconf 82' lang='lat' dir='ltr'>lbid.</span> <span class='ocrx_word' id='word_1_68' title='bbox 474 1789 533 1852; x_wconf 86' lang='grc'>900</span> <span class='ocrx_word' id='word_1_69' title='bbox 554 1808 601 1870; x_wconf 90' lang='lat' dir='ltr'>sq.</span> <span class='ocrx_word' id='word_1_70' title='bbox 623 1823 664 1832; x_wconf 90' lang='lat'>-</span> <span class='ocrx_word' id='word_1_71' title='bbox 683 1789 729 1852; x_wconf 89' lang='grc' dir='ltr'>ΕΙ.</span> <span class='ocrx_word' id='word_1_72' title='bbox 754 1789 828 1852; x_wconf 90' lang='grc'><strong>1161</strong></span> <span class='ocrx_word' id='word_1_73' title='bbox 862 1789 990 1853; x_wconf 79' lang='lat' dir='ltr'>Electra</span> <span class='ocrx_word' id='word_1_74' title='bbox 1021 1809 1138 1853; x_wconf 87' lang='lat' dir='ltr'>urnam</span> <span class='ocrx_word' id='word_1_75' title='bbox 1169 1791 1203 1854; x_wconf 95' lang='lat' dir='ltr'>in</span> <span class='ocrx_word' id='word_1_76' title='bbox 1225 1810 1290 1872; x_wconf 88' lang='lat' dir='ltr'>qna</span> <span class='ocrx_word' id='word_1_77' title='bbox 1311 1790 1437 1856; x_wconf 89' lang='lat' dir='ltr'>cineres</span> 
     </span>
     <span class='ocr_line' id='line_1_12' title="bbox 266 1892 1015 1976; baseline -0.001 -18"><span class='ocrx_word' id='word_1_78' title='bbox 266 1894 401 1960; x_wconf 79' lang='lat' dir='ltr'>Orestae</span> <span class='ocrx_word' id='word_1_79' title='bbox 422 1895 528 1960; x_wconf 87' lang='lat' dir='ltr'>inesse</span> <span class='ocrx_word' id='word_1_80' title='bbox 548 1896 661 1976; x_wconf 85' lang='lat' dir='ltr'>putat,</span> <span class='ocrx_word' id='word_1_81' title='bbox 683 1893 801 1957; x_wconf 85' lang='lat' dir='ltr'>talibus</span> <span class='ocrx_word' id='word_1_82' title='bbox 822 1892 1015 1974; x_wconf 72' lang='lat' dir='ltr'>alloquitur:</span> 
     </span>
    </p>
   </div>
   <div class='ocr_carea' id='block_1_7' title="bbox 554 2027 994 2119">
    <p class='ocr_par' dir='ltr' id='par_1_7' title="bbox 554 2027 994 2119">
     <span class='ocr_line' id='line_1_13' title="bbox 554 2027 994 2119; baseline 0.002 -22"><span class='ocrx_word' id='word_1_83' title='bbox 554 2027 576 2097; x_wconf 71' lang='grc' dir='ltr'>ὧ</span> <span class='ocrx_word' id='word_1_84' title='bbox 597 2039 692 2116; x_wconf 82' lang='grc' dir='ltr'><em>δέμας</em></span> <span class='ocrx_word' id='word_1_85' title='bbox 713 2038 837 2114; x_wconf 75' lang='grc' dir='ltr'><em>οἰκτρὸν,</em></span> <span class='ocrx_word' id='word_1_86' title='bbox 862 2045 913 2118; x_wconf 78' lang='grc' dir='ltr'>φεῦ</span> <span class='ocrx_word' id='word_1_87' title='bbox 934 2045 994 2119; x_wconf 75' lang='grc' dir='ltr'><em>φεῦ.</em></span> 
     </span>
    </p>
   </div>
   <div class='ocr_carea' id='block_1_8' title="bbox 268 2193 1443 3014">
    <p class='ocr_par' dir='ltr' id='par_1_8' title="bbox 268 2193 1441 2382">
     <span class='ocr_line' id='line_1_14' title="bbox 306 2193 1441 2271; baseline 0.001 -11"><span class='ocrx_word' id='word_1_88' title='bbox 306 2196 413 2262; x_wconf 85' lang='lat' dir='ltr'>Etiam</span> <span class='ocrx_word' id='word_1_89' title='bbox 433 2194 613 2258; x_wconf 74' lang='lat' dir='ltr'>Assorinos</span> <span class='ocrx_word' id='word_1_90' title='bbox 635 2193 769 2258; x_wconf 76' lang='lat' dir='ltr'>discedit</span> <span class='ocrx_word' id='word_1_91' title='bbox 791 2194 832 2258; x_wconf 86' lang='lat' dir='ltr'>ab</span> <span class='ocrx_word' id='word_1_92' title='bbox 855 2212 915 2256; x_wconf 90' lang='lat' dir='ltr'>usu</span> <span class='ocrx_word' id='word_1_93' title='bbox 936 2193 1129 2271; x_wconf 88' lang='lat' dir='ltr'>Homerico;</span> <span class='ocrx_word' id='word_1_94' title='bbox 1150 2193 1214 2258; x_wconf 90' lang='lat' dir='ltr'>vid.</span> <span class='ocrx_word' id='word_1_95' title='bbox 1235 2195 1344 2260; x_wconf 83' lang='lat' dir='ltr'>Prom.</span> <span class='ocrx_word' id='word_1_96' title='bbox 1363 2197 1441 2262; x_wconf 79' lang='lat'><strong>363:</strong></span> 
     </span>
     <span class='ocr_line' id='line_1_15' title="bbox 268 2297 1191 2382; baseline 0 -22"><span class='ocrx_word' id='word_1_97' title='bbox 268 2301 383 2382; x_wconf 79' lang='grc' dir='ltr'><em>ἀχρεῖον</em></span> <span class='ocrx_word' id='word_1_98' title='bbox 404 2299 453 2362; x_wconf 77' lang='grc' dir='ltr'>καὶ</span> <span class='ocrx_word' id='word_1_99' title='bbox 473 2299 620 2374; x_wconf 76' lang='grc' dir='ltr'><em>παράορον</em></span> <span class='ocrx_word' id='word_1_100' title='bbox 641 2297 745 2374; x_wconf 83' lang='grc' dir='ltr'><em>δέμας,</em></span> <span class='ocrx_word' id='word_1_101' title='bbox 770 2298 848 2362; x_wconf 80' lang='lat' dir='ltr'>item</span> <span class='ocrx_word' id='word_1_102' title='bbox 871 2298 968 2377; x_wconf 85' lang='grc'><strong>1018,</strong></span> <span class='ocrx_word' id='word_1_103' title='bbox 992 2298 1078 2362; x_wconf 81' lang='grc'><strong>1051.</strong></span> <span class='ocrx_word' id='word_1_104' title='bbox 1189 2297 1191 2303; x_wconf 67' lang='grc'><strong>’</strong></span> 
     </span>
    </p>

    <p class='ocr_par' dir='ltr' id='par_1_9' title="bbox 271 2404 1443 2803">
     <span class='ocr_line' id='line_1_16' title="bbox 309 2404 1443 2486; baseline 0.001 -16"><span class='ocrx_word' id='word_1_105' title='bbox 309 2406 472 2486; x_wconf 82' lang='lat' dir='ltr'>Exemplis</span> <span class='ocrx_word' id='word_1_106' title='bbox 492 2405 673 2485; x_wconf 86' lang='lat' dir='ltr'>Euripideis</span> <span class='ocrx_word' id='word_1_107' title='bbox 695 2405 736 2468; x_wconf 87' lang='lat' dir='ltr'>ab</span> <span class='ocrx_word' id='word_1_108' title='bbox 758 2404 947 2468; x_wconf 81' lang='lat' dir='ltr'>Aristarcho</span> <span class='ocrx_word' id='word_1_109' title='bbox 969 2404 1093 2483; x_wconf 82' lang='lat' dir='ltr'>allatis,</span> <span class='ocrx_word' id='word_1_110' title='bbox 1114 2423 1199 2486; x_wconf 88' lang='lat' dir='ltr'>quae</span> <span class='ocrx_word' id='word_1_111' title='bbox 1210 2408 1287 2469; x_wconf 88' lang='lat' dir='ltr'>sunt</span> <span class='ocrx_word' id='word_1_112' title='bbox 1296 2406 1443 2486; x_wconf 88' lang='lat' dir='ltr'>profecto</span> 
     </span>
     <span class='ocr_line' id='line_1_17' title="bbox 271 2510 1442 2594; baseline 0 -17"><span class='ocrx_word' id='word_1_113' title='bbox 271 2512 436 2594; x_wconf 87' lang='lat' dir='ltr'>aptissime</span> <span class='ocrx_word' id='word_1_114' title='bbox 467 2512 603 2590; x_wconf 80' lang='lat' dir='ltr'>selecta,</span> <span class='ocrx_word' id='word_1_115' title='bbox 635 2510 739 2574; x_wconf 90' lang='lat' dir='ltr'>multa</span> <span class='ocrx_word' id='word_1_116' title='bbox 760 2510 836 2574; x_wconf 86' lang='lat' dir='ltr'>addi</span> <span class='ocrx_word' id='word_1_117' title='bbox 857 2513 1013 2592; x_wconf 79' lang='lat' dir='ltr'>possunt,</span> <span class='ocrx_word' id='word_1_118' title='bbox 1046 2530 1074 2574; x_wconf 93' lang='lat' dir='ltr'>e.</span> <span class='ocrx_word' id='word_1_119' title='bbox 1098 2526 1125 2588; x_wconf 81' lang='lat' dir='ltr'>g.</span> <span class='ocrx_word' id='word_1_120' title='bbox 1146 2510 1215 2574; x_wconf 80' lang='lat' dir='ltr'>Alc.</span> <span class='ocrx_word' id='word_1_121' title='bbox 1237 2511 1316 2591; x_wconf 74' lang='lat'>349,</span> <span class='ocrx_word' id='word_1_122' title='bbox 1337 2511 1442 2578; x_wconf 82' lang='lat' dir='ltr'>Andr.</span> 
     </span>
     <span class='ocr_line' id='line_1_18' title="bbox 273 2615 1443 2697; baseline 0.002 -15"><span class='ocrx_word' id='word_1_123' title='bbox 273 2619 350 2696; x_wconf 80' lang='grc'><strong>131,</strong></span> <span class='ocrx_word' id='word_1_124' title='bbox 372 2617 449 2682; x_wconf 89' lang='lat' dir='ltr'>Hec.</span> <span class='ocrx_word' id='word_1_125' title='bbox 472 2617 531 2695; x_wconf 87' lang='grc'>63,</span> <span class='ocrx_word' id='word_1_126' title='bbox 553 2616 632 2693; x_wconf 86' lang='grc'><strong>368;</strong></span> <span class='ocrx_word' id='word_1_127' title='bbox 655 2615 725 2680; x_wconf 89' lang='lat' dir='ltr'>Hel.</span> <span class='ocrx_word' id='word_1_128' title='bbox 749 2616 845 2695; x_wconf 87' lang='grc'><strong>1066,</strong></span> <span class='ocrx_word' id='word_1_129' title='bbox 868 2615 962 2680; x_wconf 87' lang='lat' dir='ltr'>Hero.</span> <span class='ocrx_word' id='word_1_130' title='bbox 983 2617 1003 2679; x_wconf 87' lang='lat' dir='ltr'>f.</span> <span class='ocrx_word' id='word_1_131' title='bbox 1027 2615 1124 2696; x_wconf 87' lang='grc'><strong>1060,</strong></span> <span class='ocrx_word' id='word_1_132' title='bbox 1145 2615 1333 2697; x_wconf 49' lang='lat' dir='ltr'>Hippin,</span> <span class='ocrx_word' id='word_1_133' title='bbox 1355 2617 1443 2684; x_wconf 90' lang='lat' dir='ltr'>Med.</span> 
     </span>
     <span class='ocr_line' id='line_1_19' title="bbox 272 2721 859 2803; baseline -0.01 -15"><span class='ocrx_word' id='word_1_134' title='bbox 272 2725 367 2796; x_wconf 88' lang='grc'><strong>1010,</strong></span> <span class='ocrx_word' id='word_1_135' title='bbox 390 2723 443 2787; x_wconf 90' lang='lat' dir='ltr'>Or.</span> <span class='ocrx_word' id='word_1_136' title='bbox 469 2723 564 2802; x_wconf 88' lang='grc'><strong>1066,</strong></span> <span class='ocrx_word' id='word_1_137' title='bbox 586 2721 697 2803; x_wconf 84' lang='lat' dir='ltr'>Snppl.</span> <span class='ocrx_word' id='word_1_138' title='bbox 722 2722 808 2785; x_wconf 91' lang='grc'><strong>1106.</strong></span> <span class='ocrx_word' id='word_1_139' title='bbox 856 2773 859 2780; x_wconf 77' lang='grc'><strong>,</strong></span> 
     </span>
    </p>

    <p class='ocr_par' dir='ltr' id='par_1_10' title="bbox 273 2825 1440 3014">
     <span class='ocr_line' id='line_1_20' title="bbox 310 2825 1440 2909; baseline 0.001 -16"><span class='ocrx_word' id='word_1_140' title='bbox 310 2830 463 2893; x_wconf 78' lang='lat' dir='ltr'>Pmoroos</span> <span class='ocrx_word' id='word_1_141' title='bbox 484 2846 551 2891; x_wconf 89' lang='lat' dir='ltr'>non</span> <span class='ocrx_word' id='word_1_142' title='bbox 572 2827 613 2890; x_wconf 86' lang='lat' dir='ltr'>ab</span> <span class='ocrx_word' id='word_1_143' title='bbox 634 2826 779 2891; x_wconf 88' lang='lat' dir='ltr'>Homero</span> <span class='ocrx_word' id='word_1_144' title='bbox 801 2826 965 2906; x_wconf 84' lang='lat' dir='ltr'>desciscit,</span> <span class='ocrx_word' id='word_1_145' title='bbox 990 2826 1126 2890; x_wconf 80' lang='lat' dir='ltr'>testibus</span> <span class='ocrx_word' id='word_1_146' title='bbox 1146 2825 1224 2891; x_wconf 88' lang='lat' dir='ltr'>locis</span> <span class='ocrx_word' id='word_1_147' title='bbox 1246 2826 1301 2892; x_wconf 89' lang='lat' dir='ltr'>ubi</span> <span class='ocrx_word' id='word_1_148' title='bbox 1322 2827 1440 2909; x_wconf 85' lang='lat' dir='ltr'>legitur</span> 
     </span>
     <span class='ocr_line' id='line_1_21' title="bbox 273 2931 1055 3014; baseline -0.004 -18"><span class='ocrx_word' id='word_1_149' title='bbox 273 2934 367 3012; x_wconf 75' lang='grc' dir='ltr'><em>δέμας</em></span> <span class='ocrx_word' id='word_1_150' title='bbox 387 2932 436 2998; x_wconf 94' lang='lat' dir='ltr'>Ol.</span> <span class='ocrx_word' id='word_1_151' title='bbox 458 2934 470 2996; x_wconf 93' lang='grc' dir='ltr'>Ι</span> <span class='ocrx_word' id='word_1_152' title='bbox 491 2933 549 3013; x_wconf 86' lang='grc'>01,</span> <span class='ocrx_word' id='word_1_153' title='bbox 570 2933 662 2997; x_wconf 91' lang='lat' dir='ltr'>Nem.</span> <span class='ocrx_word' id='word_1_154' title='bbox 683 2931 727 2997; x_wconf 81' lang='lat' dir='ltr'>Xt</span> <span class='ocrx_word' id='word_1_155' title='bbox 749 2932 805 3013; x_wconf 89' lang='grc'><strong>10,</strong></span> <span class='ocrx_word' id='word_1_156' title='bbox 827 2931 922 3014; x_wconf 84' lang='lat' dir='ltr'>Pyth.</span> <span class='ocrx_word' id='word_1_157' title='bbox 944 2931 1055 2996; x_wconf 84' lang='grc'><strong>11150.</strong></span> 
     </span>
    </p>
   </div>
   <div class='ocr_carea' id='block_1_9' title="bbox 763 3205 958 3216">
    <p class='ocr_par' dir='ltr' id='par_1_11' title="bbox 763 3205 958 3216">
     <span class='ocr_line' id='line_1_22' title="bbox 763 3205 958 3216; baseline 0 0"><span class='ocrx_word' id='word_1_158' title='bbox 763 3205 958 3216; x_wconf 58' lang='lat' dir='ltr'>——a——u—-enua</span> 
     </span>
    </p>
   </div>
   <div class='ocr_carea' id='block_1_10' title="bbox 734 3391 978 3470">
    <p class='ocr_par' dir='ltr' id='par_1_12' title="bbox 734 3391 978 3470">
     <span class='ocr_line' id='line_1_23' title="bbox 734 3391 978 3470; baseline 0 -18"><span class='ocrx_word' id='word_1_159' title='bbox 734 3393 856 3470; x_wconf 80' lang='grc' dir='ltr'><em>Δὸμος,</em></span> <span class='ocrx_word' id='word_1_160' title='bbox 881 3391 978 3469; x_wconf 84' lang='grc' dir='ltr'><em>δῶμα.</em></span> 
     </span>
    </p>
   </div>
   <div class='ocr_carea' id='block_1_11' title="bbox 223 3653 1451 4480">
    <p class='ocr_par' dir='ltr' id='par_1_13' title="bbox 223 3653 1451 4041">
     <span class='ocr_line' id='line_1_24' title="bbox 223 3653 1451 3736; baseline 0.004 -20"><span class='ocrx_word' id='word_1_161' title='bbox 223 3712 224 3716; x_wconf 73' lang='grc'><strong>,</strong></span> <span class='ocrx_word' id='word_1_162' title='bbox 317 3660 422 3734; x_wconf 78' lang='grc' dir='ltr'><em>Δὸμος</em></span> <span class='ocrx_word' id='word_1_163' title='bbox 451 3654 485 3720; x_wconf 94' lang='lat' dir='ltr'>in</span> <span class='ocrx_word' id='word_1_164' title='bbox 513 3653 637 3719; x_wconf 75' lang='lat' dir='ltr'>Homer</span> <span class='ocrx_word' id='word_1_165' title='bbox 657 3653 767 3734; x_wconf 82' lang='lat' dir='ltr'>lingua</span> <span class='ocrx_word' id='word_1_166' title='bbox 788 3658 822 3732; x_wconf 78' lang='lat' dir='ltr'>(a</span> <span class='ocrx_word' id='word_1_167' title='bbox 842 3653 911 3718; x_wconf 86' lang='lat' dir='ltr'>rad.</span> <span class='ocrx_word' id='word_1_168' title='bbox 932 3654 1001 3730; x_wconf 87' lang='grc' dir='ltr'><em>δεμ)</em></span> <span class='ocrx_word' id='word_1_169' title='bbox 1023 3653 1198 3736; x_wconf 72' lang='lat' dir='ltr'>aedificium</span> <span class='ocrx_word' id='word_1_170' title='bbox 1220 3655 1370 3736; x_wconf 86' lang='lat' dir='ltr'>denotat,</span> <span class='ocrx_word' id='word_1_171' title='bbox 1404 3655 1451 3722; x_wconf 90' lang='lat' dir='ltr'>sic</span> 
     </span>
     <span class='ocr_line' id='line_1_25' title="bbox 278 3759 1449 3844; baseline -0.006 -15"><span class='ocrx_word' id='word_1_172' title='bbox 278 3765 318 3829; x_wconf 90' lang='lat' dir='ltr'>de</span> <span class='ocrx_word' id='word_1_173' title='bbox 340 3765 476 3827; x_wconf 88' lang='lat' dir='ltr'>deorum</span> <span class='ocrx_word' id='word_1_174' title='bbox 497 3761 635 3844; x_wconf 70' lang='lat' dir='ltr'>compito,</span> <span class='ocrx_word' id='word_1_175' title='bbox 657 3759 848 3840; x_wconf 86' lang='lat' dir='ltr'>plerumque</span> <span class='ocrx_word' id='word_1_176' title='bbox 869 3760 948 3840; x_wconf 84' lang='lat' dir='ltr'>sing.</span> <span class='ocrx_word' id='word_1_177' title='bbox 970 3761 1208 3826; x_wconf 83' lang='lat' dir='ltr'>numutZ89:</span> <span class='ocrx_word' id='word_1_178' title='bbox 1231 3761 1335 3841; x_wconf 72' lang='grc' dir='ltr'><em>οἴξασα</em></span> <span class='ocrx_word' id='word_1_179' title='bbox 1353 3762 1449 3833; x_wconf 78' lang='grc' dir='ltr'><em>κληῖδι</em></span> 
     </span>
     <span class='ocr_line' id='line_1_26' title="bbox 278 3865 1448 3951; baseline 0.003 -21"><span class='ocrx_word' id='word_1_180' title='bbox 278 3875 372 3946; x_wconf 56' lang='grc' dir='ltr'><em>δομοις</em></span> <span class='ocrx_word' id='word_1_181' title='bbox 403 3871 482 3944; x_wconf 80' lang='grc' dir='ltr'><em>ἱεροῖο</em></span> <span class='ocrx_word' id='word_1_182' title='bbox 512 3867 621 3944; x_wconf 76' lang='grc' dir='ltr'><em>δόμοιο,</em></span> <span class='ocrx_word' id='word_1_183' title='bbox 654 3865 709 3928; x_wconf 88' lang='lat' dir='ltr'>ubi</span> <span class='ocrx_word' id='word_1_184' title='bbox 741 3870 852 3928; x_wconf 86' lang='lat' dir='ltr'>tamen</span> <span class='ocrx_word' id='word_1_185' title='bbox 883 3867 989 3931; x_wconf 88' lang='lat' dir='ltr'>Schol.</span> <span class='ocrx_word' id='word_1_186' title='bbox 1021 3867 1101 3931; x_wconf 82' lang='lat' dir='ltr'>BLV</span> <span class='ocrx_word' id='word_1_187' title='bbox 1133 3868 1220 3932; x_wconf 92' lang='lat' dir='ltr'>hunc</span> <span class='ocrx_word' id='word_1_188' title='bbox 1251 3873 1283 3932; x_wconf 86' lang='lat' dir='ltr'>et</span> <span class='ocrx_word' id='word_1_189' title='bbox 1313 3887 1448 3951; x_wconf 88' lang='lat' dir='ltr'>praece·</span> 
     </span>
     <span class='ocr_line' id='line_1_27' title="bbox 279 3971 948 4041; baseline -0.007 -1"><span class='ocrx_word' id='word_1_190' title='bbox 279 3977 411 4041; x_wconf 87' lang='lat' dir='ltr'>dentem</span> <span class='ocrx_word' id='word_1_191' title='bbox 433 3993 562 4037; x_wconf 86' lang='lat' dir='ltr'>versum</span> <span class='ocrx_word' id='word_1_192' title='bbox 584 3971 753 4035; x_wconf 84' lang='lat' dir='ltr'>abundare</span> <span class='ocrx_word' id='word_1_193' title='bbox 774 3972 948 4035; x_wconf 85' lang='lat' dir='ltr'>contendit.</span> 
     </span>
    </p>

    <p class='ocr_par' dir='ltr' id='par_1_14' title="bbox 318 4073 1005 4156">
     <span class='ocr_line' id='line_1_28' title="bbox 318 4073 1005 4156; baseline -0.01 -13"><span class='ocrx_word' id='word_1_194' title='bbox 318 4101 336 4152; x_wconf 84' lang='grc' dir='ltr'><strong>η</strong></span> <span class='ocrx_word' id='word_1_195' title='bbox 356 4080 415 4143; x_wconf 82' lang='grc'>81;</span> <span class='ocrx_word' id='word_1_196' title='bbox 437 4079 510 4138; x_wconf 78' lang='grc' dir='ltr'><em>’δῦνε</em></span> <span class='ocrx_word' id='word_1_197' title='bbox 531 4078 557 4137; x_wconf 81' lang='grc' dir='ltr'><em>δ’</em></span> <span class='ocrx_word' id='word_1_198' title='bbox 580 4078 748 4156; x_wconf 62' lang='grc' dir='ltr'><em>Ἐρεχθῆος</em></span> <span class='ocrx_word' id='word_1_199' title='bbox 768 4073 884 4138; x_wconf 74' lang='grc' dir='ltr'><em>πυκινὸν</em></span> <span class='ocrx_word' id='word_1_200' title='bbox 904 4077 1005 4152; x_wconf 79' lang='grc' dir='ltr'><em>δόμον.</em></span> 
     </span>
    </p>

    <p class='ocr_par' dir='ltr' id='par_1_15' title="bbox 320 4183 1446 4270">
     <span class='ocr_line' id='line_1_29' title="bbox 320 4183 1446 4270; baseline -0.003 -21"><span class='ocrx_word' id='word_1_201' title='bbox 320 4187 368 4250; x_wconf 90' lang='lat' dir='ltr'>De</span> <span class='ocrx_word' id='word_1_202' title='bbox 379 4185 448 4249; x_wconf 78' lang='lat' dir='ltr'>seda</span> <span class='ocrx_word' id='word_1_203' title='bbox 460 4185 607 4248; x_wconf 68' lang='lat' dir='ltr'>detesto:</span> <span class='ocrx_word' id='word_1_204' title='bbox 626 4185 668 4242; x_wconf 68' lang='lat' dir='ltr'>”A</span> <span class='ocrx_word' id='word_1_205' title='bbox 672 4183 750 4269; x_wconf 76' lang='grc' dir='ltr'><em>ρδος</em></span> <span class='ocrx_word' id='word_1_206' title='bbox 761 4183 852 4259; x_wconf 74' lang='grc' dir='ltr'><em>δόμος</em></span> <span class='ocrx_word' id='word_1_207' title='bbox 864 4185 896 4246; x_wconf 86' lang='lat' dir='ltr'>et</span> <span class='ocrx_word' id='word_1_208' title='bbox 906 4184 987 4264; x_wconf 86' lang='lat' dir='ltr'>plor.</span> <span class='ocrx_word' id='word_1_209' title='bbox 1000 4183 1200 4249; x_wconf 65' lang='lat' dir='ltr'>nuded:</span> <span class='ocrx_word' id='word_1_210' title='bbox 1220 4185 1446 4270; x_wconf 75' lang='grc' dir='ltr'><em>Ἀρῑδαοδομοι.</em></span> 
     </span>
    </p>

    <p class='ocr_par' dir='ltr' id='par_1_16' title="bbox 281 4288 1451 4480">
     <span class='ocr_line' id='line_1_30' title="bbox 321 4288 1451 4371; baseline -0.003 -14"><span class='ocrx_word' id='word_1_211' title='bbox 321 4292 369 4357; x_wconf 90' lang='lat' dir='ltr'>De</span> <span class='ocrx_word' id='word_1_212' title='bbox 399 4291 560 4354; x_wconf 80' lang='lat' dir='ltr'>hominum</span> <span class='ocrx_word' id='word_1_213' title='bbox 590 4288 717 4354; x_wconf 77' lang='lat' dir='ltr'>oedibus</span> <span class='ocrx_word' id='word_1_214' title='bbox 748 4288 827 4368; x_wconf 79' lang='lat' dir='ltr'>sing.</span> <span class='ocrx_word' id='word_1_215' title='bbox 856 4307 945 4351; x_wconf 87' lang='lat' dir='ltr'>num.</span> <span class='ocrx_word' id='word_1_216' title='bbox 978 4289 1151 4354; x_wconf 87' lang='lat' dir='ltr'>adhibetur</span> <span class='ocrx_word' id='word_1_217' title='bbox 1172 4292 1194 4350; x_wconf 92' lang='lat' dir='ltr'><strong>B</strong></span> <span class='ocrx_word' id='word_1_218' title='bbox 1216 4292 1294 4371; x_wconf 85' lang='grc'><strong>513,</strong></span> <span class='ocrx_word' id='word_1_219' title='bbox 1326 4290 1451 4370; x_wconf 70' lang='lat' dir='ltr'>zain,</span> 
     </span>
     <span class='ocr_line' id='line_1_31' title="bbox 281 4395 1451 4480; baseline 0.002 -20"><span class='ocrx_word' id='word_1_220' title='bbox 281 4396 311 4460; x_wconf 93' lang='grc' dir='ltr'><strong>Σ</strong></span> <span class='ocrx_word' id='word_1_221' title='bbox 342 4397 401 4478; x_wconf 89' lang='grc'><strong>60,</strong></span> <span class='ocrx_word' id='word_1_222' title='bbox 432 4396 491 4462; x_wconf 90' lang='lat' dir='ltr'>sed</span> <span class='ocrx_word' id='word_1_223' title='bbox 517 4395 646 4478; x_wconf 86' lang='lat' dir='ltr'>saepius</span> <span class='ocrx_word' id='word_1_224' title='bbox 667 4396 748 4478; x_wconf 90' lang='lat' dir='ltr'>plur.</span> <span class='ocrx_word' id='word_1_225' title='bbox 770 4414 859 4458; x_wconf 88' lang='lat' dir='ltr'>num.</span> <span class='ocrx_word' id='word_1_226' title='bbox 881 4396 942 4459; x_wconf 92' lang='lat' dir='ltr'>hoc</span> <span class='ocrx_word' id='word_1_227' title='bbox 962 4413 1060 4458; x_wconf 85' lang='lat' dir='ltr'>sensu</span> <span class='ocrx_word' id='word_1_228' title='bbox 1080 4397 1237 4478; x_wconf 88' lang='lat' dir='ltr'>occurrit,</span> <span class='ocrx_word' id='word_1_229' title='bbox 1269 4402 1304 4464; x_wconf 87' lang='lat' dir='ltr'>ut</span> <span class='ocrx_word' id='word_1_230' title='bbox 1325 4401 1351 4460; x_wconf 89' lang='lat' dir='ltr'>E</span> <span class='ocrx_word' id='word_1_231' title='bbox 1375 4397 1451 4480; x_wconf 85' lang='grc'><strong>108,</strong></span> 
     </span>
    </p>
   </div>
   <div class='ocr_carea' id='block_1_12' title="bbox 0 0 1710 5250">
    <p class='ocr_par' dir='ltr' id='par_1_17' title="bbox 0 0 1710 5250">
     <span class='ocr_line' id='line_1_32' title="bbox 0 0 1710 5250; baseline 0 0"><span class='ocrx_word' id='word_1_232' title='bbox 0 0 1710 5250; x_wconf 95' lang='lat' dir='ltr'> </span> 
     </span>
    </p>
   </div>
  </div>
 </body>
</html>
