3312 5250
807 527 826 590 7

274 705 453 771 Somocms
474 705 535 770 hoe
556 706 656 770 verbo
678 705 724 770 nil
744 704 806 768 nisi
827 704 911 787 loqui
933 703 1069 784 indicat,
1102 704 1276 786 adiicitque
1297 703 1405 768 obiec-

233 813 320 890 tum,
342 813 379 874 ut
400 829 439 874 ex
462 810 589 874 duobus
610 810 666 874 ubi
687 809 803 891 legitur
824 809 901 872 loeis
923 811 1022 888 patet.

274 915 311 979 O.
334 915 369 980 C.
391 915 450 978 1313
472 915 574 978 τέκνον
596 914 679 990 ὤμοι,
702 920 732 976 τί
751 915 895 990 γεγὼνω;

273 1020 356 1086 Phil.
378 1021 437 1084 338
457 1021 573 1095 γέγωνέ
595 1042 645 1097 μοι
666 1029 727 1080 τοῖν
748 1022 847 1093 τοῦθ’,
872 1016 950 1088 ὅπως
972 1019 1035 1078 εἰδῶ
1056 1022 1103 1088 τίς
1125 1008 1155 1078 εἶ.

273 1107 427 1189 Videmus
449 1125 545 1190 etiam
570 1124 763 1207 Sophoclem
776 1124 936 1205 accepisse
947 1141 1103 1205 praesens
1124 1123 1274 1202 γεγὼνειν,
1292 1141 1409 1203 quam-

235 1250 334 1312 quam
361 1229 431 1294 fieri
452 1233 559 1311 potest
580 1233 617 1293 ut
637 1229 761 1305 γεγώνω
783 1231 815 1294 et
836 1228 951 1304 γέγωνε
973 1228 1063 1292 Subi.
1085 1231 1118 1292 et
1139 1228 1218 1308 Imp.
1240 1227 1305 1292 sint
1324 1229 1410 1312 Perf.

237 1336 358 1411 γέγωνα
379 1337 431 1400 vel
453 1337 528 1398 [101⁹.
551 1332 706 1410 ἐγέγωνεν.

273 1440 371 1521 Apud
392 1441 577 1505 Auscumuu
598 1439 735 1504 verbum
756 1439 963 1504 transitivum
985 1447 1126 1515 γεγωνεῖν
1136 1440 1170 1504 in
1181 1459 1242 1504 usu
1254 1441 1302 1504 est
1312 1459 1411 1505 sensu

237 1547 369 1618 dicendi,
384 1545 543 1610 narrandi
553 1547 661 1609 Prom.
673 1545 733 1607 531
743 1544 839 1604 ἄλλου
851 1547 943 1619 λογον
956 1544 1128 1622 μέμνησθε,
1142 1545 1226 1604 τόνδε
1238 1545 1264 1604 δ’
1277 1544 1412 1621 οὐδαμῶς

235 1649 333 1728 καιρὸς
363 1660 505 1726 γεγωνεῖν
537 1650 584 1715 Cf.
613 1650 682 1728 657,
703 1650 772 1729 787,
792 1651 867 1726 870;
900 1651 976 1713 Aor.
998 1648 1138 1713 1nf.990
1157 1649 1353 1729 προτρέψεταί
1373 1669 1412 1726 με

238 1755 309 1826 Ζευς
340 1764 511 1832 γεγωνῆσαι
542 1755 625 1815 τάδε.
670 1754 807 1819 Perfecti
839 1754 960 1830 γέγωνα
992 1754 1108 1836 legitur
1128 1753 1278 1834 Imperat.
1301 1754 1411 1817 Prom.

236 1859 292 1924 193
323 1861 414 1920 πάντ’
445 1858 606 1940 ἐκκάλυψον
633 1859 682 1921 καὶ
703 1859 812 1934 γέγων’
834 1860 903 1936 ἡμῖν
925 1861 1037 1933 λόγον,
1061 1859 1099 1922 cf.
1120 1857 1200 1938 783,
1221 1857 1283 1923 nisi
1304 1859 1411 1940 potius

234 1964 443 2028 statuendum
465 1963 507 2028 sit
529 1963 669 2027 formam
691 1963 806 2038 γέγωνε
828 1983 899 2027 esse
921 1962 1152 2044 Imperativum
1163 1963 1349 2028 Praesentis
1359 1963 1412 2027 vel

235 2069 358 2133 Auristi
380 2070 414 2133 ΙΙ.

275 2175 461 2238 Praesentis
483 2174 588 2238 forma
610 2173 797 2238 inchoativa
818 2175 907 2236 extat
929 2191 1027 2237 sensu
1048 2173 1208 2238 narrandi
1229 2174 1338 2239 Prom.
1351 2175 1410 2238 617

234 2285 265 2339 τί
295 2279 373 2348 δῆτα
406 2281 529 2358 μέλλεις
561 2279 605 2356 μὴ
640 2277 671 2338 οἶν
701 2283 894 2354 γεγωνίσκειν
915 2276 950 2338 τὸ
971 2287 1043 2350 τοῖν,
1068 2277 1263 2344 adiectivum
1285 2280 1418 2355 γεγωνὸς

235 2386 373 2450 occurrit
394 2384 482 2466 Sept.
503 2385 564 2448 443
586 2385 700 2460 τέμτει
720 2382 841 2459 γεγωνὰ
862 2383 930 2454 Ζηνὶ
950 2384 1118 2460 κυμαίνοντ’
1141 2382 1208 2454 ἔτη.

182 2499 184 2502 ’
277 2489 476 2571 Significalio
509 2489 667 2571 primaria
688 2487 772 2552 redit
795 2488 883 2570 apud
907 2488 1092 2564 Emumm,
1125 2507 1202 2552 nam
1226 2489 1314 2570 apud
1336 2510 1411 2554 eum

234 2595 399 2658 clamorem
421 2593 509 2658 edere
528 2593 679 2670 denotat,
701 2589 759 2662 sed
771 2592 882 2656 addito
895 2591 1042 2670 ουίεοῒο,
1063 2593 1234 2674 formaque
1245 2595 1414 2675 praesenti

196 2747 198 2750 .
232 2709 375 2774 γεγωνεῖν
407 2699 472 2762 Ion.
504 2699 564 2762 696
595 2698 668 2758 τάδε
700 2705 793 2772 τορῶς
825 2693 854 2765 ἐς
876 2685 923 2765 οὖς
943 2699 1168 2774 γεγωνήσομεν.
1192 2732 1228 2741 -
1255 2698 1310 2762 Or.
1334 2699 1412 2762 1220

232 2803 347 2879 γέγωνέ
378 2804 408 2862 τ’
441 2805 479 2872 εἰς
512 2804 620 2880 δόμους
654 2801 695 2866 de
722 2820 788 2882 qua
808 2801 958 2881 Imperat.
983 2801 1089 2864 forma
1114 2801 1151 2865 cf.
1174 2820 1275 2883 supra
1294 2801 1413 2894 Aesch.

236 2907 343 2971 Prom.
369 2908 435 2972 193.

272 3010 418 3076 Narrare
450 3015 498 3076 est
529 3011 628 3076 RheS.
662 3010 721 3074 070
754 3005 794 3079 οἷς
823 3009 881 3090 χρὴ
911 3000 1054 3086 γεγωνεῖν
1073 3009 1254 3091 εὐτυχοῦντα
1276 3017 1407 3088 ποίμνια.

160 3152 163 3158 ·
233 3115 281 3180 Cf.
316 3116 411 3198 Hipp.
433 3117 502 3180 586.
544 3116 739 3191 Γεγωνὶσκειν
760 3114 876 3196 legitur
897 3115 941 3178 El.
964 3114 1023 3178 800
1045 3102 1067 3174 0
1089 3121 1282 3190 γεγωνίσκων
1303 3118 1411 3191 λόγους

235 3221 272 3284 cf.
295 3219 406 3302 Suppl.
429 3220 497 3285 104.

157 3385 163 3404 .
272 3326 425 3392 Pmumus
456 3327 596 3391 formam
629 3333 771 3400 γεγωνεῖν
802 3327 938 3404 usurpat
961 3325 1076 3388 eodem
1097 3344 1195 3390 sensu
1217 3345 1281 3408 quo
1302 3326 1411 3403 ὑμνεῖν,

234 3431 381 3496 laudibus
402 3431 552 3496 celebrare
572 3431 667 3513 Pyth.
681 3429 724 3493 lX
735 3430 754 3493 3
765 3426 861 3489 ἐθέλω
874 3431 1080 3505 Τελεσικράτη
1091 3432 1257 3506 Χαρίτεσσι
1270 3439 1413 3506 γεγωνεῖν

233 3536 281 3602 Cf.
304 3537 352 3601 Ol.
375 3537 402 3601 11
426 3536 556 3601 61119.

273 3641 388 3702 Ἐνὲνιω
420 3645 450 3706 et
483 3639 598 3701 ἒννὲτω.
641 3639 749 3704 Radix
771 3641 819 3703 est
841 3660 912 3714 σετ,
936 3658 1015 3703 nam
1037 3637 1143 3700 ἐννέπω
1164 3643 1280 3706 natum
1302 3643 1411 3705 estex

234 3743 347 3807 ἑνσέτω
368 3747 419 3826 (cf.
441 3746 510 3810 Lat.
533 3747 632 3809 insece
652 3745 740 3826 apud
759 3743 961 3817 LiV.Andr.).
995 3743 1094 3826 Apud
1106 3744 1261 3810 Houuuuu
1272 3747 1410 3811 alterum

234 3873 249 3909 ν
271 3851 404 3916 evanuit
425 3871 444 3915 ε
465 3851 577 3914 formis
599 3848 727 3925 ἐνέποιμι
747 3872 768 3908 τ
789 3850 847 3912 561
871 3854 904 3913 et
925 3847 1066 3919 ἐνέπουσα
1088 3872 1109 3907 ω
1129 3848 1201 3911 414.

276 3956 481 4021 Cons1ruitur
512 3961 567 4017 τινί
595 3978 624 4015 τι
646 3955 869 4035 significatque
890 3975 1032 4027 narrare,
1058 3953 1168 4032 dicere,
1190 3953 1277 4018 edere
1288 3976 1300 4033 ;
1333 3975 1360 4020 e.
1382 3975 1411 4036 g.

234 4084 253 4120 α
278 4061 293 4124 1
317 4061 408 4137 ἄνδρα
430 4084 480 4137 μοι
501 4058 599 4120 ἐ’ννετε
621 4067 741 4138 μοῦσα,
764 4060 816 4122 Vel
837 4059 863 4122 Β
884 4059 924 4121 80
947 4059 969 4116 εἴ
984 4059 1039 4133 μέν
1050 4081 1095 4128 τις
1105 4057 1157 4117 τὸν
1169 4058 1271 4135 ’όνειρον
1282 4059 1412 4139 Ἀχαιῶν

234 4165 330 4235 ἄλλος
351 4163 450 4226 ἐνίοτε
472 4165 519 4230 Cf.
542 4167 567 4226 Θ
589 4166 650 4229 411
672 4165 708 4226 Ω
729 4165 788 4229 388
809 4169 830 4223 λ
849 4163 910 4226 496
932 4187 954 4222 ω
975 4162 1043 4226 414.

275 4269 341 4334 Sed
373 4274 405 4335 et
440 4271 587 4335 absolute
620 4271 759 4334 sumitur
789 4287 886 4333 sensu
912 4267 1075 4352 loquendi,
1108 4266 1182 4342 πρὸς
1206 4268 1357 4339 ἀλλήλους
1379 4272 1412 4330 Λ

236 4375 297 4440 643
318 4380 337 4456 ψ
357 4377 426 4440 301.
