3360 5250
826 499 866 564 80

301 679 479 743 Arscnmus
510 679 669 759 quantum
700 677 766 742 scio
798 697 961 760 nusquam
995 679 1056 744 hoc
1086 682 1224 746 verbum
1253 683 1379 764 serendi
1407 691 1435 748 et

258 785 400 868 potiendi
429 783 662 864 significatione
693 784 809 862 habet,
842 805 948 866 neque
972 785 1432 865 Soanocnus,sedl]on1ernns

261 909 355 952 nsum
376 889 585 953 Homericum
607 888 749 952 servavit
770 888 897 953 duobus
919 891 995 954 loeis
1017 890 1112 955 Herc.
1135 892 1154 955 f.
1167 891 1245 956 755:
1277 892 1428 955 ἀντίποινα

260 994 287 1053 δ’
309 991 427 1055 ἐκτίνων
448 995 552 1070 τόλμα
574 996 606 1057 et
627 992 704 1056 Heu.
729 993 788 1055 332
809 1013 880 1075 sq.:

538 1137 597 1197 ulcu
615 1135 650 1198 πὸ
671 1138 774 1197 δοῦλον
796 1138 834 1206 ὡς
854 1137 946 1202 κακὸν
967 1140 1071 1221 πέφυκ’
1094 1140 1137 1201 ἀεὶ

540 1249 643 1322 τολμᾷ
664 1242 697 1304 θ’
719 1244 739 1300 οἳ
759 1241 801 1319 μὴ
823 1246 893 1324 xpi,
916 1253 954 1332 τῇ
975 1243 1030 1326 βία
1053 1247 1216 1324 νικώμενον.

299 1400 396 1482 Apud
406 1400 565 1464 Prnnnnou
585 1399 639 1463 ubi
660 1397 775 1479 legitur
797 1401 845 1462 est
866 1399 1001 1480 audere,
1023 1403 1176 1466 sustinere
1199 1401 1247 1467 Ol.
1265 1404 1428 1488 omma),

260 1506 355 1588 Pyth.
377 1505 405 1569 V
427 1505 494 1570 117.

646 1825 759 1896 Νηλής,
783 1823 927 1899 ὀλέθριος,
951 1823 1043 1893 ὀλοὸς,

301 1981 336 2043 ln
367 1979 417 2042 his
448 1977 615 2042 adieetivis
648 1979 764 2043 eadem
799 1979 1018 2060 discrepantia
1050 1982 1099 2043 est
1119 1978 1204 2043 inter
1225 1978 1379 2044 Honrnuu
1401 1982 1433 2044 et

262 2086 401 2166 tragicos
423 2087 521 2164 atque
542 2083 575 2146 in
597 2084 876 2164 praecedentibus.
918 2085 1002 2148 Nam
1025 2083 1058 2147 in
1080 2083 1260 2149 Homericis
1282 2084 1432 2164 leguntur

260 2209 300 2254 ea
321 2188 481 2253 adiectiva
501 2209 599 2253 sensu
621 2189 747 2268 actim,
771 2191 860 2271 apud
881 2190 1019 2270 tragicos
1042 2209 1139 2254 sensu
1160 2190 1299 2272 passivo.

299 2296 400 2366 Νηλὴς
430 2294 481 2358 vel
503 2296 606 2364 νηλεής
627 2296 714 2374 apud
737 2296 890 2361 Honemm
914 2297 940 2360 is
963 2298 1012 2359 est
1033 2296 1088 2377 qui
1109 2293 1160 2358 oie
1181 2294 1242 2376 ἔχει
1263 2294 1354 2370 ἐ’λεον,
1378 2295 1430 2360 vel

458 2439 479 2527 ᾧ
501 2448 561 2509 οὔτ’
583 2449 620 2525 ἄμ
641 2450 739 2529 φρένες
760 2451 827 2510 εἰσὶν
849 2448 989 2528 ἐναίσιμοι
1010 2449 1075 2511 οὔτε
1099 2453 1192 2527 νόημα

458 2552 623 2631 γναμπτὸν
645 2552 681 2614 ἑνὶ
704 2557 867 2631 στήθεσσι,

257 2709 477 2772 immisericors
510 2707 625 2790 igitur;
648 2709 693 2773 sic
713 2711 798 2774 Aiax
819 2713 831 2774 Ι
852 2711 912 2775 om
932 2710 1091 2776 Achillem
1111 2713 1208 2774 vocat
1229 2709 1329 2784 νηλέα,
1353 2708 1430 2791 quia

258 2833 333 2878 eum
364 2831 431 2876 non
461 2812 593 2878 miseret
625 2814 846 2880 calamitatum
877 2817 1075 2879 Danaorum.
1116 2815 1196 2879 ltem
1217 2815 1251 2876 Π
1277 2815 1331 2894 33,
1361 2813 1429 2879 301.

257 2918 342 2982 Hinc
363 2917 406 2982 ad
426 2937 477 2982 res
500 2917 695 3001 tranfertur,
717 2921 909 3003 praesertim
932 2922 975 2986 ad
996 2921 1159 3002 gladium,
1187 2920 1294 2985 caedis
1315 2919 1429 2984 minis-

256 3027 353 3104 trum,
375 3024 409 3087 in
428 3023 651 3105 vulgatissima
671 3027 831 3092 locutione
853 3027 930 3098 νηλέι
951 3033 1070 3107 χαλκῷ.
1094 3027 1191 3091 Extat
1213 3029 1384 3107 praeterea
1394 3025 1429 3090 in

257 3130 396 3194 dictione
418 3126 516 3200 νηλεὲς
536 3115 618 3205 ἦμαρ
640 3132 683 3196 ad
704 3140 831 3196 mmmm
852 3133 1083 3212 indicandam,
1105 3132 1210 3198 Schol.
1234 3131 1277 3196 ad
1297 3133 1330 3192 A
1350 3131 1428 3197 484:

257 3234 310 3303 σὴν
332 3234 470 3315 χαλεπὴν
490 3235 613 3312 ἡμέραν,
636 3236 775 3298 πούτεστι
798 3233 850 3298 σὸν
870 3240 1013 3301 θάνατον.

295 3342 394 3422 Apud
415 3341 600 3406 Soeuoonru
620 3364 696 3408 vero
718 3365 849 3426 prorsus
872 3344 1034 3410 contrario
1045 3363 1143 3408 sensu
1153 3345 1329 3426 reperitur,
1351 3363 1429 3409 nam

256 3447 383 3511 duobus
405 3447 460 3512 ubi
481 3447 596 3528 legitur
617 3450 693 3514 locis
714 3451 843 3532 passive
863 3454 1040 3533 usurpatur
1060 3451 1100 3516 de
1112 3451 1164 3515 illo
1176 3453 1265 3515 cuius
1276 3453 1429 3515 neminem

255 3555 419 3617 misereat:
446 3554 533 3625 νηλέα
554 3552 586 3616 δὲ
607 3556 742 3631 γένεθλα
763 3555 837 3633 πρὸς
859 3557 938 3636 πέδῳ
959 3559 1153 3637 θαναταφομα
1173 3555 1426 3625 νοεῖταιάνοὶιοτως.

256 3660 331 3722 Ant.
356 3659 451 3723 1197:
474 3660 572 3730 νηλεὲς
592 3665 837 3738 κυνοσπάρακτον
861 3672 952 3740 σῶμα
975 3665 1178 3732 Πολυνείκους.

294 3764 474 3830 Ausrnrnus
504 3767 684 3832 Homerum
712 3769 857 3850 sequitur
876 3770 984 3833 Prom.
1009 3771 1069 3832 Al:
1101 3767 1145 3826 ἀεί
1165 3788 1203 3844 γε
1224 3766 1260 3832 δὴ
1283 3765 1371 3838 νηλὴς
1391 3763 1428 3825 σὺ

254 3869 302 3933 ναὶ
332 3871 463 3944 θράσους
495 3872 602 3942 πλέως.
648 3873 728 3937 ltem
760 3874 792 3937 in
824 3874 998 3955 adverbio,
1029 3873 1100 3938 lhid
1132 3875 1211 3938 um:
1247 3877 1356 3943 νηλεῶς
1377 3861 1428 3931 ὧδ’

255 3973 457 4053 έμμύὲιμισμαι
478 3977 525 4041 Cf.
548 3979 605 4042 Ch.
628 3978 696 4042 All.

295 4084 517 4149 Eodemmodo
539 4083 572 4147 in
593 4084 743 4148 Euaimon
765 4085 850 4167 Cycl.
872 4085 931 4148 368
952 4088 984 4150 et
1006 4086 1093 4167 apud
1115 4085 1273 4148 Prnonnuu
1284 4083 1318 4147 in
1329 4084 1424 4166 Pyth.

256 4189 348 4266 195,
369 4189 413 4252 Xt
434 4190 492 4268 λλ,
514 4189 551 4253 ir.
576 4190 631 4252 177
654 4190 756 4268 (168),
778 4191 817 4270 5,
840 4209 904 4272 quo
926 4194 1091 4272 postremo
1114 4191 1183 4254 loco
1196 4190 1311 4272 legitur
1321 4189 1427 4254 forma

256 4300 366 4374 νηλεεῖ,
392 4294 532 4359 Homero
552 4293 736 4378 incognita.¹

296 4401 441 4479 Ολέθμος
472 4401 598 4466 duobus
629 4401 705 4466 locis
735 4403 823 4485 apud
853 4402 1009 4467 Hournon
1029 4401 1186 4483 occurrit,
1219 4401 1426 4468 coniunctum
