3312 5250
765 502 800 566 17

191 679 408 756 usurpantur,
440 675 569 754 ἀντιάζω
598 685 631 743 et
652 679 797 755 ἄντομαι,
820 678 907 744 infra
926 678 1011 743 inter
1031 679 1134 745 verba
1154 679 1250 745 orodi
1270 697 1366 744 suum

192 781 301 845 locum
322 781 495 862 assignavi.

235 887 309 946 Αἰνῶ
331 886 420 967 apud
441 887 597 952 Hounauu
618 892 667 953 est
687 888 839 969 laudaro,
860 888 889 952 K
909 888 988 952 249:

234 989 368 1065 Τυδεΐδη,
390 994 464 1068 μήτ’
485 993 523 1068 ἄμ
543 1013 582 1069 με
604 994 680 1070 μάλ’
702 993 774 1052 αἰνεε
795 995 874 1069 μήτε
895 1016 924 1052 τι
944 998 1036 1068 νείκει,
1061 993 1108 1059 Cf.
1129 994 1162 1054 Ψ
1183 993 1367 1074 0501130.

238 1095 443 1180 comprobare
463 1096 624 1177 significat
645 1098 670 1158 Θ
692 1099 727 1178 9,
748 1097 805 1161 ubi
825 1097 908 1162 Zeus
923 1097 992 1161 aliis
1003 1097 1064 1162 diis
1076 1098 1265 1181 deabusque
1276 1098 1368 1164 dicit:

316 1229 394 1302 μήτε
415 1248 462 1295 τις
483 1215 529 1285 οὖν
549 1229 657 1298 θήλεια
677 1224 748 1297 θεὸς
769 1229 806 1287 τὸ
826 1248 865 1303 γε
886 1229 964 1304 μήτε
986 1249 1031 1297 τις
1053 1229 1145 1303 ἅμσην

316 1331 458 1408 πειμαέτω
479 1333 628 1407 διακέρσαι
647 1331 718 1409 ἐμὸν
739 1333 840 1419 ,ι’έπος,
863 1333 933 1392 ἀλλ’
957 1335 1022 1410 ἅμα
1043 1334 1156 1402 πάντες

316 1437 429 1500 «ναν.
471 1437 518 1501 of.
540 1460 565 1496 α
586 1437 661 1517 aso,
683 1439 752 1503 roa.

235 1566 359 1630 Eodem
379 1584 477 1628 sensu
498 1564 677 1630 Sopnoorrs
698 1567 761 1631 hoo
781 1567 881 1630 verbo
903 1565 1003 1630 utitur
1023 1566 1105 1630 Phil.
1118 1566 1269 1646 451‚889;
1290 1567 1366 1631 Ant.

199 1671 292 1749 1157,
323 1669 374 1732 Αἰ.
396 1669 471 1749 506,
504 1667 615 1734 Greus.
637 1670 674 1734 fr.
697 1673 765 1734 325.
807 1672 855 1734 Ex
876 1671 1112 1752 comprobandi
1136 1674 1247 1736 autern
1268 1671 1368 1753 signi-

194 1775 293 1840 ficatu
314 1773 468 1855 profluxit
487 1774 579 1839 notio
600 1775 756 1839 suadendi
766 1781 803 1840 ut
817 1775 899 1840 Phil.
918 1763 1146 1840 138οιἰνδεινὸν
1156 1765 1231 1836 αἶνον
1242 1775 1368 1848 αἰνέσας.

197 1880 283 1944 Turn
299 1880 443 1964 polliceri
462 1878 585 1943 indicat
604 1879 687 1944 Phil.
710 1880 804 1945 1398:

398 2010 418 2067 οἳ
437 2008 466 2068 δ’
487 2007 592 2095 ᾐνέσας
613 2031 662 2085 μοι
682 2009 779 2088 δεξιᾶς
800 2005 874 2086 ἐμῆς
895 2009 1003 2084 θιγών,

399 2113 529 2189 πέμπειν
549 2111 623 2189 πρὸς
643 2113 746 2190 rimor,
769 2115 867 2174 ταῦτά
890 2137 940 2192 μοι
963 2114 1076 2194 πμᾱξον
1097 2115 1210 2177 τέκνον.

240 2243 387 2326 Denique
408 2243 496 2307 idem
518 2246 567 2307 est
588 2244 677 2324 quod
697 2250 925 2320 παραιτεῖσθαι,
950 2243 1143 2333 deprecando
1154 2246 1276 2328 aliquid
1286 2267 1375 2312 roro·

170 2341 172 2346 ’
199 2369 286 2428 sore,
307 2348 377 2412 Lat.
399 2348 510 2428 londo,
532 2367 592 2412 nos
618 2349 722 2426 „dank
743 2353 795 2413 u’'.
828 2350 875 2414 Cf.
898 2350 975 2414 Hes.
998 2349 1058 2431 Op.
1081 2351 1150 2426 615,
1165 2350 1248 2432 Virg.
1261 2351 1376 2433 Georg.

199 2455 226 2518 Il
247 2455 317 2518 412.
338 2453 477 2534 Hesych.
489 2453 579 2517 Aoo:
598 2458 734 2530 παρίημι,
748 2459 962 2531 παραιτοῦμαι.
978 2455 1027 2517 καί
1038 2451 1144 2514 ἐπαινῶ
1155 2455 1195 2515 Σ.
1212 2455 1378 2533 Ἀλκμέωνι

199 2559 234 2623 in
254 2557 390 2622 Bekkeri
411 2558 533 2622 Aneod.
555 2578 587 2640 p.
608 2559 684 2638 358,
715 2560 755 2623 78
776 2561 870 2622 Atro:
902 2565 1110 2636 παραιτοῦμαι.
1135 2561 1302 2640 Σοφοκλῆς.
1327 2559 1376 2624 καὶ

199 2661 314 2724 ἐπαινῶ.
360 2663 466 2727 Suid.-:
498 2662 576 2738 αἰνῶ,
610 2669 821 2741 παμοιιτοῦμαι,
854 2665 934 2745 Σοφ,
975 2663 1047 2728 Vid.
1075 2665 1208 2746 insuper
1227 2665 1377 2748 Xenoph.

199 2771 311 2851 Symp.
334 2769 385 2832 17
407 2765 590 2838 ἐπαινοῦντες
610 2769 665 2834 τὴν
685 2777 802 2845 κλῆσιν,
836 2770 925 2852 quod
947 2789 1007 2833 nos
1030 2769 1182 2834 dicimus:
1216 2790 1314 2852 „voor
1335 2771 1376 2835 de

200 2873 424 2954 uitnoodiging
453 2873 655 2939 bedanken''.
707 2875 762 2939 Ar.
794 2876 879 2940 Ran.
910 2875 970 2938 508
1002 2875 1270 2940 ΘΕΡΑΠΑΙΝΑ;
1301 2876 1376 2936 ἀλλ’

201 2979 297 3040 εἴσιθι.
322 2978 529 3046 ΞΑΝΘΙΑΣτ
550 2980 708 3056 κάλλιστ’,
731 2977 850 3056 ἐπαινῶ,
864 2980 921 3044 ubi
933 2979 1090 3045 Casaub.:
1118 2983 1183 3059 „est
1194 2981 1316 3046 blande
1327 3001 1379 3047 re·

201 3084 337 3151 cusandi
351 3085 500 3164 formula,
522 3103 588 3166 qua
599 3085 708 3149 oblato
719 3085 880 3150 beneficio
892 3066 959 3150 non
970 3088 1098 3149 utentes
1110 3086 1231 3166 gratias
1243 3086 1375 3168 agunt.’'

202 3191 256 3256 Sic
285 3190 381 3255 Latin
398 3194 530 3270 praeter
551 3190 646 3253 lorido
670 3193 805 3254 utuntur
827 3210 896 3255 voo.
918 3190 1045 3275 bonique
1067 3190 1160 3272 (Hor.
1182 3191 1240 3272 Ep.
1263 3193 1293 3270 Ι,
1318 3193 1373 3272 17,

203 3297 256 3377 16,
277 3295 343 3375 oh)
364 3301 429 3358 tono
447 3297 555 3378 pratia
575 3302 620 3360 est
640 3297 758 3377 (Plaut.
780 3296 880 3362 Stich.
903 3298 937 3375 3,
967 3298 1001 3376 P,
1025 3297 1086 3377 17).
1127 3295 1212 3361 Plut.
1233 3297 1313 3363 Mor.
1335 3299 1375 3362 70

199 3401 234 3466 F.
257 3409 299 3480 τῷ
320 3398 441 3461 ἐπαινεῖν
462 3399 527 3459 ἀντὶ
547 3407 601 3460 τοῦ
621 3403 833 3478 παραιτεῖσθαι
854 3407 901 3460 νῦν
922 3401 1087 3482 κέχρησαι,
1121 3403 1265 3479 καθάπερ
1286 3399 1315 3462 ἓν
1336 3411 1374 3492 τῇ

200 3513 340 3589 σννηθείᾳ
359 3514 461 3578 καλῶς
481 3527 577 3587 φαμεν
597 3507 685 3588 ἔχειν,
708 3506 779 3567 ὅταν
800 3508 842 3586 μὴ
863 3509 1004 3584 δεώμεθα
1015 3505 1091 3584 μηδὲ
1103 3507 1321 3596 λαμβάνωμεν.
1335 3544 1375 3554 -

201 3613 390 3678 Notandum
411 3614 544 3694 insuper
564 3617 692 3678 violetur
712 3615 795 3678 Phil.
820 3616 898 3678 1300
918 3615 984 3674 αἰνιῑι
1007 3633 1028 3678 a
1049 3614 1212 3680 nonnullis
1224 3615 1376 3697 explicari

202 3739 440 3784 commemorare
470 3739 495 3783 s.
523 3720 668 3800 proferro
700 3723 732 3784 et
758 3709 834 3788 αἶνος
855 3719 992 3800 dictum,
1024 3719 1070 3784 ita
1092 3723 1129 3785 ut
1150 3706 1172 3778 ὦ
1193 3717 1281 3780 δεινὸν
1302 3709 1378 3780 αἰνον

203 3824 318 3894 αἰνέσας
339 3828 439 3890 esset:
461 3845 478 3889 o
498 3825 690 3889 intolerandi
711 3826 786 3890 dicti
806 3833 923 3890 ouotor.

242 3931 340 4014 Apud
370 3931 557 3996 Ansonrnnu
587 3932 783 4013 plerumque
815 3932 947 3996 laudaro
975 3931 1136 4013 significat
1157 3932 1227 4013 (Ag.
1249 3933 1308 3996 917
1330 3931 1377 3997 Cf.

205 4038 281 4102 1103
312 4035 350 4096 ot
379 4038 406 4097 δ’
429 4039 511 4096 αἰνεῖν
533 4037 589 4096 εἴτε
611 4059 650 4115 με
672 4039 767 4118 ψέγειν
788 4037 887 4108 θέλεις
910 4038 968 4104 Ch.
990 4039 1048 4118 78,
1071 4039 1165 4116 10143
1187 4039 1279 4102 Eum.
1301 4037 1377 4117 509,

203 4142 276 4224 737,
300 4143 396 4222 roan
418 4145 528 4226 Suppl.
551 4145 628 4224 710,
650 4147 765 4226 fragm.
787 4146 867 4220 304).

243 4248 381 4314 Probare
399 4253 447 4315 est
467 4251 559 4314 Eum.
579 4251 659 4314 469:
680 4259 825 4337 πανταχῇ
847 4250 915 4310 ταδ’
937 4249 1039 4310 αἰνέσω
1061 4249 1172 4331 Suppl.
1194 4249 1262 4329 902,
1287 4249 1373 4314 1071.

202 4355 292 4421 Pers,
323 4355 402 4420 6403
433 4355 559 4432 δαίμονα
590 4365 734 4435 μεγαυχῆ
766 4355 834 4415 ἰόντ’
867 4355 996 4415 αἰνέσατ’
1019 4351 1052 4417 ἐκ
1073 4355 1173 4431 δόμων
1195 4353 1215 4418 i.
1238 4373 1265 4419 e.
1287 4355 1378 4419 sinite

1297 4467 1314 4520 0
