3312 5250
811 493 852 556 84

287 673 419 754 Legitur
440 671 527 752 apud
549 671 689 736 eundem
711 670 809 734 etiam
831 671 919 735 aliud
939 671 1092 748 verbum,
1124 669 1268 734 Homero
1289 689 1421 752 quoquc
1529 731 1534 736 .

249 778 274 851 (Ι
295 778 373 856 581,
401 777 427 840 P
447 776 526 854 414,
555 776 591 838 Ω
613 776 681 853 357,
703 797 720 847 η
744 776 821 854 145,
842 799 862 838 e
883 776 956 856 481)
986 775 1163 854 usitatum,
1184 776 1334 854 λιτανεύω,
1356 777 1421 840 soil.

247 882 339 946 Nem.
361 881 389 943 V
410 881 449 944 30
470 880 650 957 etV11183
672 879 760 961 apud
781 883 955 962 utrumque
977 883 1086 944 autem
1108 881 1241 960 poetam
1252 880 1369 944 dicitur
1380 881 1421 945 de

248 987 382 1070 paribus
403 986 446 1050 ad
466 1005 570 1065 pares.

291 1091 536 1156 Substantivum
558 1090 690 1154 verbale
712 1093 779 1158 λιτνί
802 1091 891 1172 apud
911 1089 1066 1154 Horonon
1087 1089 1237 1154 nonnisi
1258 1089 1293 1154 in
1316 1089 1422 1154 nomi-

250 1195 362 1262 nativo
383 1195 500 1277 plurali
521 1195 659 1258 occurrit
680 1201 701 1253 λ
722 1195 780 1260 34;

430 1324 499 1394 τοὺς
519 1325 546 1384 δ’
569 1323 630 1384 ἐπεὶ
654 1323 802 1412 εὐχωλῇσι
824 1331 924 1412 λιτῇσί
945 1346 979 1384 τε
1001 1325 1109 1410 februa
1131 1333 1236 1401 νεκρῶν

431 1427 609 1506 ἐλλισάμην,

249 1561 291 1625 de
313 1559 446 1624 homine
468 1559 563 1639 igitur
584 1579 697 1622 manes
719 1559 885 1623 invocanti
908 1560 1101 1624 adhibitum.

290 1665 383 1724 Λιταὶ
404 1664 477 1728 illae
499 1664 566 1728 sive
587 1663 697 1728 Preces
718 1665 802 1727 inter
825 1665 1003 1729 daemones
1025 1665 1210 1730 referuntur
1231 1666 1244 1728 I
1264 1666 1324 1729 508
1344 1685 1425 1747 sqq,

249 1770 306 1834 ubi
327 1769 409 1833 lovis
430 1769 515 1832 tiliae
531 1772 704 1848 vocantur,
723 1789 807 1850 quae
831 1769 1021 1834 Dementiae
1043 1771 1172 1850 eulpam
1194 1771 1337 1850 expiant.

289 1875 387 1956 Apud
408 1875 593 1938 Sornocnru
614 1875 832 1955 compluribus
858 1875 933 1938 locis
956 1875 1130 1939 adhibetur
1144 1881 1224 1936 λιταί
1235 1877 1276 1940 de
1285 1875 1427 1958 precibus

248 1980 409 2044 bominum
431 1983 473 2042 ad
494 1978 565 2043 deos
586 1980 661 2043 Ant.
686 1979 778 2042 1019:
804 1978 835 2037 ot
856 1979 996 2058 δέχονται
1017 1980 1176 2050 θυστάδας
1198 1979 1284 2049 λιτὰς
1305 1979 1347 2041 ’ἐτι
1363 1980 1429 2041 θεοὶ

252 2085 323 2160 παρ’
344 2087 438 2162 ἡμῶν,
461 2084 499 2148 Ο.
521 2084 555 2148 C.
576 2084 672 2147 4011:
694 2083 751 2153 τὰς
770 2083 845 2153 θεὰς
866 2089 966 2146 καλῶν
979 2121 1013 2128 -
1028 2090 1134 2159 λιταῖς,
1158 2084 1206 2148 Cf.
1230 2085 1316 2163 1309,
1339 2086 1426 2148 1558.

291 2191 345 2253 Sic
367 2209 496 2270 quoque
517 2189 551 2252 in
561 2188 717 2252 Auscnrnr
729 2188 912 2268 lragoediis.
935 2189 1022 2270 Sept.
1038 2189 1094 2252 143
1107 2211 1115 2253 :
1128 2194 1238 2249 λιταῖσι
1250 2210 1284 2247 σε
1295 2190 1427 2251 θεοκλύ-

253 2319 314 2364 τοις
335 2295 478 2354 arboreae
499 2295 741 2369 πελαζόμεσθα,
764 2293 811 2357 Cf.
833 2293 909 2371 ull,
931 2294 1000 2358 696.
1021 2294 1110 2358 Pers.
1132 2295 1214 2358 4995
1229 2296 1295 2354 τότ’
1317 2294 1427 2373 ἠόχετο

255 2404 375 2472 λιταῖσι,
398 2398 458 2478 Ag.
480 2398 559 2476 396,
581 2398 672 2460 Eum.
693 2398 769 2476 368,
792 2397 904 2477 Suppl.
926 2398 994 2461 581.

292 2505 390 2586 Apud
419 2503 560 2567 eundem
581 2505 670 2567 extat
691 2502 886 2567 adieclivum
909 2504 1038 2580 λιτανός,
1058 2505 1233 2588 precariae,
1255 2503 1344 2586 Sept.
1359 2505 1427 2584 101,

255 2609 367 2690 Suppl.
388 2609 458 2673 809.

294 2715 455 2778 Euarrrurs
486 2713 527 2778 dc
547 2713 708 2777 bominum
728 2713 771 2776 ad
792 2713 864 2776 deoc
884 2717 1059 2795 precatione
1081 2714 1212 2778 exhibet
1233 2715 1278 2778 ΕΙ.
1301 2715 1375 2780 593;
1397 2715 1428 2775 ἵει

256 2818 343 2889 λιτὰς
374 2819 413 2888 εἰς
442 2819 530 2888 θεούς
551 2819 661 2899 Suppl.
684 2819 742 2882 94:
771 2817 850 2879 οὐδὲν
871 2821 940 2896 ἡμῖν
960 2819 1087 2894 ἤρκεσαν
1108 2819 1186 2878 λιταὶ
1207 2824 1285 2879 θεῶν
1305 2821 1429 2886 Phoen,

255 2924 352 2988 1738:
374 2923 450 3003 ἀμφὶ
469 2922 601 2999 βωμίους
622 2927 718 2992 λιτὰς.
762 2922 864 2987 Andr.
886 2924 946 2987 539
967 2923 1083 2986 dicitur
1097 2923 1295 3005 deparihuS,
1317 2925 1428 2990 Mene-

253 3029 324 3095 laus
346 3027 433 3092 enim
453 3029 504 3092 his
525 3027 632 3091 verbis
655 3027 829 3108 alloquitur
850 3028 1045 3092 Molossum:

497 3161 527 3217 τί
547 3177 587 3233 με
608 3162 817 3232 σροστὶτνειςς
840 3159 926 3216 ἁλίαν
946 3158 1059 3234 πέτραν

496 3259 616 3338 berieu
639 3266 734 3331 λιταῖς
754 3262 817 3324 ἴσθ’
840 3261 982 3325 ἱκετεύων.

265 3389 283 3420 “
300 3392 347 3456 De
378 3391 500 3455 bomine
528 3391 571 3455 ud
592 3392 684 3456 deum
706 3391 844 3456 occurrit
865 3393 953 3473 apud
974 3393 1133 3456 Pruonnou
1152 3393 1200 3457 Ol.
1225 3395 1250 3455 ll
1261 3396 1319 3460 88:
1341 3397 1430 3466 Ζηνὸς

260 3484 333 3574 ἦτορ
354 3502 449 3566 λιταῖς
460 3494 567 3556 ἔπεισε.
583 3497 692 3560 V1118:
705 3483 805 3556 ἄνεται
816 3495 848 3557 δὲ
859 3505 932 3574 πρὸς
943 3500 1030 3578 χάριν
1041 3496 1193 3572 εὐσεβείας
1203 3499 1313 3577 ἀνδρῶν
1324 3508 1428 3571 λιταῖς.

164 3613 169 3621 ·
298 3601 465 3665 Invenitur
486 3621 616 3684 quoque
638 3603 725 3683 apud
747 3622 821 3665 eum
845 3603 958 3667 adiect.
983 3606 1075 3678 λιτὸς,
1099 3605 1228 3687 supplex
1250 3605 1298 3669 Ol.
1323 3607 1361 3669 Vl
1373 3609 1430 3672 78:

261 3714 356 3776 λιταῖς
376 3712 492 3776 floriare
514 3707 632 3788 (Schol.
655 3700 877 3784 λιτανεντιναῖς)
898 3708 993 3789 Pyth.
1016 3709 1056 3772 IV
1076 3710 1144 3774 917:
1157 3711 1242 3780 λιτάς
1253 3712 1282 3770 τ’
1294 3709 1432 3783 ἑταοιὸἀς

261 3812 483 3882 ἐκδιδάσκησεν.
526 3812 660 3876 Passive
685 3812 722 3876 fr.
745 3813 793 3874 ul:
817 3811 901 3877 λιτὴν
921 3810 953 3873 δὲ
976 3815 1036 3873 ’Hb
1057 3815 1076 3878 i.
1090 3834 1116 3878 e.
1136 3815 1190 3880 τὴν
1201 3814 1347 3889 εὐκταίαν,
1371 3819 1431 3898 vel,

259 3920 297 3981 nt
326 3917 490 3980 Homerus
524 3916 684 3998 loquitur,
716 3915 770 3981 τὴν
801 3916 1007 3977 πολύλλιστον
1029 3922 1055 3999 (e
1075 3919 1147 4000 445)
1168 3920 1236 3984 sive
1258 3925 1432 3996 τρῖλλιστον

260 4021 298 4096 (Θ
319 4021 402 4099 488).

749 4203 942 4210 *σῇ-.-
