<?xml version="1.0" encoding="UTF-8"?>
<!DOCTYPE html PUBLIC "-//W3C//DTD XHTML 1.0 Transitional//EN"
    "http://www.w3.org/TR/xhtml1/DTD/xhtml1-transitional.dtd">
<html xmlns="http://www.w3.org/1999/xhtml" xml:lang="en" lang="en">
 <head>
  <title>
</title>
<meta http-equiv="Content-Type" content="text/html;charset=utf-8" />
  <meta name='ocr-system' content='tesseract 3.04.00' />
  <meta name='ocr-capabilities' content='ocr_page ocr_carea ocr_par ocr_line ocrx_word'/>
</head>
<body>
  <div class='ocr_page' id='page_1' title='image "./studiatragicoho00kostgoog_0045.png"; bbox 0 0 3312 5250; ppageno 0'>
   <div class='ocr_carea' id='block_1_1' title="bbox 841 534 881 598">
    <p class='ocr_par' dir='ltr' id='par_1_1' title="bbox 841 534 881 598">
     <span class='ocr_line' id='line_1_1' title="bbox 841 534 881 598; baseline 0.025 -1"><span class='ocrx_word' id='word_1_1' title='bbox 841 534 881 598; x_wconf 63' lang='lat'>98</span> 
     </span>
    </p>
   </div>
   <div class='ocr_carea' id='block_1_2' title="bbox 281 819 1454 1004">
    <p class='ocr_par' dir='ltr' id='par_1_2' title="bbox 281 819 1454 1004">
     <span class='ocr_line' id='line_1_2' title="bbox 281 819 1454 905; baseline 0.003 -25"><span class='ocrx_word' id='word_1_2' title='bbox 281 819 342 882; x_wconf 90' lang='lat' dir='ltr'>viri</span> <span class='ocrx_word' id='word_1_3' title='bbox 364 819 401 884; x_wconf 87' lang='lat' dir='ltr'>Cl</span> <span class='ocrx_word' id='word_1_4' title='bbox 431 840 496 884; x_wconf 84' lang='lat' dir='ltr'>ven</span> <span class='ocrx_word' id='word_1_5' title='bbox 518 822 680 886; x_wconf 88' lang='lat' dir='ltr'>Leeuwen</span> <span class='ocrx_word' id='word_1_6' title='bbox 701 823 733 883; x_wconf 90' lang='lat' dir='ltr'>et</span> <span class='ocrx_word' id='word_1_7' title='bbox 754 820 889 884; x_wconf 82' lang='lat' dir='ltr'>Mendes</span> <span class='ocrx_word' id='word_1_8' title='bbox 911 821 953 884; x_wconf 89' lang='lat' dir='ltr'>da</span> <span class='ocrx_word' id='word_1_9' title='bbox 975 821 1074 886; x_wconf 88' lang='lat' dir='ltr'>Costa</span> <span class='ocrx_word' id='word_1_10' title='bbox 1095 822 1267 887; x_wconf 88' lang='lat' dir='ltr'>ediderunt</span> <span class='ocrx_word' id='word_1_11' title='bbox 1288 825 1454 905; x_wconf 78' lang='grc' dir='ltr'><em>’τελέμιξε,</em></span> 
     </span>
     <span class='ocr_line' id='line_1_3' title="bbox 281 924 830 1004; baseline 0.004 -18"><span class='ocrx_word' id='word_1_12' title='bbox 281 924 397 988; x_wconf 82' lang='lat' dir='ltr'>collato</span> <span class='ocrx_word' id='word_1_13' title='bbox 417 945 514 990; x_wconf 83' lang='lat' dir='ltr'>versu</span> <span class='ocrx_word' id='word_1_14' title='bbox 534 925 595 988; x_wconf 85' lang='grc'>443</span> <span class='ocrx_word' id='word_1_15' title='bbox 616 925 673 988; x_wconf 88' lang='lat' dir='ltr'>ubi</span> <span class='ocrx_word' id='word_1_16' title='bbox 694 925 830 1004; x_wconf 82' lang='lat' dir='ltr'>legitur:</span> 
     </span>
    </p>
   </div>
   <div class='ocr_carea' id='block_1_3' title="bbox 459 1068 1273 1150">
    <p class='ocr_par' dir='ltr' id='par_1_3' title="bbox 459 1068 1273 1150">
     <span class='ocr_line' id='line_1_4' title="bbox 459 1068 1273 1150; baseline 0.001 -20"><span class='ocrx_word' id='word_1_17' title='bbox 459 1079 502 1150; x_wconf 74' lang='grc' dir='ltr'><em>τῷ</em></span> <span class='ocrx_word' id='word_1_18' title='bbox 523 1072 551 1130; x_wconf 72' lang='grc' dir='ltr'>δ’</span> <span class='ocrx_word' id='word_1_19' title='bbox 574 1068 630 1130; x_wconf 64' lang='lat' dir='ltr'>aar&amp;</span> <span class='ocrx_word' id='word_1_20' title='bbox 653 1070 747 1130; x_wconf 83' lang='grc' dir='ltr'><em>τοσσί</em></span> <span class='ocrx_word' id='word_1_21' title='bbox 767 1071 869 1146; x_wconf 75' lang='grc' dir='ltr'><em>μέγας</em></span> <span class='ocrx_word' id='word_1_22' title='bbox 890 1071 1074 1147; x_wconf 75' lang='grc' dir='ltr'><em>’πελεμίζετ’</em></span> <span class='ocrx_word' id='word_1_23' title='bbox 1096 1070 1273 1147; x_wconf 79' lang='grc' dir='ltr'><em>Ὄλυμπος.</em></span> 
     </span>
    </p>
   </div>
   <div class='ocr_carea' id='block_1_4' title="bbox 278 1215 1457 2981">
    <p class='ocr_par' dir='ltr' id='par_1_4' title="bbox 320 1215 905 1282">
     <span class='ocr_line' id='line_1_5' title="bbox 320 1215 905 1282; baseline -0.002 -3"><span class='ocrx_word' id='word_1_24' title='bbox 320 1215 351 1279; x_wconf 88' lang='grc' dir='ltr'>Χ</span> <span class='ocrx_word' id='word_1_25' title='bbox 370 1216 430 1280; x_wconf 87' lang='grc'>448</span> <span class='ocrx_word' id='word_1_26' title='bbox 451 1216 568 1282; x_wconf 89' lang='lat' dir='ltr'>dicitur</span> <span class='ocrx_word' id='word_1_27' title='bbox 588 1216 628 1280; x_wconf 91' lang='lat' dir='ltr'>de</span> <span class='ocrx_word' id='word_1_28' title='bbox 650 1216 905 1280; x_wconf 86' lang='lat' dir='ltr'>Andromacha:</span> 
     </span>
    </p>

    <p class='ocr_par' dir='ltr' id='par_1_5' title="bbox 279 1319 1457 1912">
     <span class='ocr_line' id='line_1_6' title="bbox 323 1319 1457 1406; baseline 0.007 -26"><span class='ocrx_word' id='word_1_29' title='bbox 323 1329 378 1390; x_wconf 78' lang='grc' dir='ltr'><em>τῆς</em></span> <span class='ocrx_word' id='word_1_30' title='bbox 411 1320 589 1400; x_wconf 73' lang='grc' dir='ltr'><em>δ’ἐλελίχὲνη</em></span> <span class='ocrx_word' id='word_1_31' title='bbox 619 1331 698 1395; x_wconf 74' lang='grc' dir='ltr'><em>γυῖα,</em></span> <span class='ocrx_word' id='word_1_32' title='bbox 732 1324 830 1399; x_wconf 84' lang='grc' dir='ltr'><em>χὰμαι</em></span> <span class='ocrx_word' id='word_1_33' title='bbox 861 1319 893 1379; x_wconf 78' lang='grc' dir='ltr'>δέ</span> <span class='ocrx_word' id='word_1_34' title='bbox 915 1339 957 1406; x_wconf 73' lang='grc' dir='ltr'><em>,τοι</em></span> <span class='ocrx_word' id='word_1_35' title='bbox 977 1320 1085 1382; x_wconf 81' lang='grc' dir='ltr'><em>ἐνσεσε</em></span> <span class='ocrx_word' id='word_1_36' title='bbox 1106 1327 1213 1399; x_wconf 77' lang='grc' dir='ltr'><em>κερκίς,</em></span> <span class='ocrx_word' id='word_1_37' title='bbox 1234 1322 1290 1385; x_wconf 86' lang='lat' dir='ltr'>ubi</span> <span class='ocrx_word' id='word_1_38' title='bbox 1312 1323 1457 1389; x_wconf 82' lang='lat' dir='ltr'>Cobetus</span> 
     </span>
     <span class='ocr_line' id='line_1_7' title="bbox 286 1423 1455 1515; baseline 0.005 -27"><span class='ocrx_word' id='word_1_39' title='bbox 286 1425 393 1506; x_wconf 83' lang='lat' dir='ltr'>legere</span> <span class='ocrx_word' id='word_1_40' title='bbox 413 1428 514 1491; x_wconf 92' lang='lat' dir='ltr'>voluit</span> <span class='ocrx_word' id='word_1_41' title='bbox 534 1423 691 1515; x_wconf 61' lang='grc' dir='ltr'><em>ἐμλῑχθη,</em></span> <span class='ocrx_word' id='word_1_42' title='bbox 714 1429 748 1490; x_wconf 88' lang='lat' dir='ltr'>at</span> <span class='ocrx_word' id='word_1_43' title='bbox 767 1445 835 1490; x_wconf 90' lang='lat' dir='ltr'>non</span> <span class='ocrx_word' id='word_1_44' title='bbox 856 1427 1050 1491; x_wconf 79' lang='lat' dir='ltr'>convertendi</span> <span class='ocrx_word' id='word_1_45' title='bbox 1071 1428 1246 1507; x_wconf 79' lang='lat' dir='ltr'><strong>requiritur</strong></span> <span class='ocrx_word' id='word_1_46' title='bbox 1267 1429 1373 1504; x_wconf 77' lang='lat' dir='ltr'>notio,</span> <span class='ocrx_word' id='word_1_47' title='bbox 1396 1430 1455 1494; x_wconf 91' lang='lat' dir='ltr'>sed</span> 
     </span>
     <span class='ocr_line' id='line_1_8' title="bbox 281 1531 1454 1612; baseline 0.003 -18"><span class='ocrx_word' id='word_1_48' title='bbox 281 1533 473 1612; x_wconf 77' lang='lat' dir='ltr'><em>quassandi,</em></span> <span class='ocrx_word' id='word_1_49' title='bbox 495 1533 647 1599; x_wconf 80' lang='lat' dir='ltr'>tremendi</span> <span class='ocrx_word' id='word_1_50' title='bbox 670 1534 702 1595; x_wconf 90' lang='lat' dir='ltr'>et</span> <span class='ocrx_word' id='word_1_51' title='bbox 723 1531 828 1594; x_wconf 79' lang='lat' dir='ltr'>Schot.</span> <span class='ocrx_word' id='word_1_52' title='bbox 850 1532 934 1596; x_wconf 90' lang='lat' dir='ltr'>hene</span> <span class='ocrx_word' id='word_1_53' title='bbox 954 1533 1094 1612; x_wconf 83' lang='lat' dir='ltr'>explicat</span> <span class='ocrx_word' id='word_1_54' title='bbox 1104 1536 1207 1608; x_wconf 75' lang='grc' dir='ltr'><em>τρόμῳ</em></span> <span class='ocrx_word' id='word_1_55' title='bbox 1218 1531 1354 1606; x_wconf 61' lang='grc' dir='ltr'><em>ἐσείσθη,</em></span> <span class='ocrx_word' id='word_1_56' title='bbox 1376 1553 1454 1596; x_wconf 88' lang='lat' dir='ltr'>uec-</span> 
     </span>
     <span class='ocr_line' id='line_1_9' title="bbox 280 1635 1455 1720; baseline 0 -18"><span class='ocrx_word' id='word_1_57' title='bbox 280 1654 347 1700; x_wconf 89' lang='lat' dir='ltr'>non</span> <span class='ocrx_word' id='word_1_58' title='bbox 378 1640 596 1720; x_wconf 83' lang='lat' dir='ltr'>paraphrasta</span> <span class='ocrx_word' id='word_1_59' title='bbox 619 1638 732 1708; x_wconf 79' lang='grc' dir='ltr'><em>ταύτης</em></span> <span class='ocrx_word' id='word_1_60' title='bbox 756 1635 787 1696; x_wconf 78' lang='grc' dir='ltr'><em>δέ</em></span> <span class='ocrx_word' id='word_1_61' title='bbox 808 1638 961 1706; x_wconf 61' lang='grc' dir='ltr'><em>διεσείσθη</em></span> <span class='ocrx_word' id='word_1_62' title='bbox 981 1637 1021 1697; x_wconf 82' lang='grc' dir='ltr'><em>τὰ</em></span> <span class='ocrx_word' id='word_1_63' title='bbox 1042 1639 1131 1712; x_wconf 83' lang='grc' dir='ltr'><em>μέλη.</em></span> <span class='ocrx_word' id='word_1_64' title='bbox 1174 1638 1320 1718; x_wconf 86' lang='lat' dir='ltr'>Recepta</span> <span class='ocrx_word' id='word_1_65' title='bbox 1341 1641 1455 1702; x_wconf 84' lang='lat' dir='ltr'>tamen</span> 
     </span>
     <span class='ocr_line' id='line_1_10' title="bbox 279 1741 1455 1823; baseline 0.002 -18"><span class='ocrx_word' id='word_1_66' title='bbox 279 1741 494 1808; x_wconf 90' lang='lat' dir='ltr'>Herwerdeni</span> <span class='ocrx_word' id='word_1_67' title='bbox 525 1744 709 1809; x_wconf 83' lang='lat' dir='ltr'>coniectura</span> <span class='ocrx_word' id='word_1_68' title='bbox 730 1761 835 1823; x_wconf 84' lang='lat' dir='ltr'><strong>nuper</strong></span> <span class='ocrx_word' id='word_1_69' title='bbox 855 1744 984 1823; x_wconf 85' lang='lat' dir='ltr'>prolata</span> <span class='ocrx_word' id='word_1_70' title='bbox 1013 1743 1040 1801; x_wconf 78' lang='grc' dir='ltr'>δ’</span> <span class='ocrx_word' id='word_1_71' title='bbox 1062 1741 1209 1820; x_wconf 60' lang='grc' dir='ltr'><em>ἐτινόιχθη</em></span> <span class='ocrx_word' id='word_1_72' title='bbox 1237 1741 1349 1806; x_wconf 90' lang='lat' dir='ltr'>omnia</span> <span class='ocrx_word' id='word_1_73' title='bbox 1369 1741 1455 1807; x_wconf 90' lang='lat' dir='ltr'>bene</span> 
     </span>
     <span class='ocr_line' id='line_1_11' title="bbox 280 1848 509 1912; baseline 0.009 -2"><span class='ocrx_word' id='word_1_74' title='bbox 280 1865 352 1910; x_wconf 87' lang='lat' dir='ltr'>sese</span> <span class='ocrx_word' id='word_1_75' title='bbox 373 1848 509 1912; x_wconf 87' lang='lat' dir='ltr'>habent.</span> 
     </span>
    </p>

    <p class='ocr_par' dir='ltr' id='par_1_6' title="bbox 279 1951 1455 2453">
     <span class='ocr_line' id='line_1_12' title="bbox 321 1951 1452 2033; baseline 0.001 -18"><span class='ocrx_word' id='word_1_76' title='bbox 321 1952 463 2033; x_wconf 78' lang='lat' dir='ltr'>Roganti</span> <span class='ocrx_word' id='word_1_77' title='bbox 495 1954 575 2018; x_wconf 92' lang='lat' dir='ltr'>mihi</span> <span class='ocrx_word' id='word_1_78' title='bbox 606 1973 663 2017; x_wconf 88' lang='lat' dir='ltr'>cur</span> <span class='ocrx_word' id='word_1_79' title='bbox 690 1953 722 2015; x_wconf 94' lang='lat' dir='ltr'>in</span> <span class='ocrx_word' id='word_1_80' title='bbox 754 1951 895 2016; x_wconf 75' lang='lat' dir='ltr'>editione</span> <span class='ocrx_word' id='word_1_81' title='bbox 926 1971 986 2016; x_wconf 89' lang='lat' dir='ltr'>sua</span> <span class='ocrx_word' id='word_1_82' title='bbox 1008 1952 1063 2015; x_wconf 91' lang='lat' dir='ltr'>Vir</span> <span class='ocrx_word' id='word_1_83' title='bbox 1084 1952 1129 2016; x_wconf 86' lang='lat' dir='ltr'>Gi.</span> <span class='ocrx_word' id='word_1_84' title='bbox 1151 1971 1217 2016; x_wconf 80' lang='lat' dir='ltr'>vau</span> <span class='ocrx_word' id='word_1_85' title='bbox 1238 1952 1401 2016; x_wconf 88' lang='lat' dir='ltr'>Leeuwen</span> <span class='ocrx_word' id='word_1_86' title='bbox 1421 1953 1452 2016; x_wconf 89' lang='lat' dir='ltr'>A</span> 
     </span>
     <span class='ocr_line' id='line_1_13' title="bbox 279 2055 1454 2141; baseline 0.002 -23"><span class='ocrx_word' id='word_1_87' title='bbox 279 2055 340 2119; x_wconf 90' lang='lat'>530</span> <span class='ocrx_word' id='word_1_88' title='bbox 360 2058 534 2138; x_wconf 79' lang='lat' dir='ltr'>recepisset</span> <span class='ocrx_word' id='word_1_89' title='bbox 554 2059 694 2122; x_wconf 82' lang='lat' dir='ltr'>formam</span> <span class='ocrx_word' id='word_1_90' title='bbox 715 2055 856 2141; x_wconf 59' lang='grc' dir='ltr'><em>ἐτὲλιξεν,</em></span> <span class='ocrx_word' id='word_1_91' title='bbox 880 2057 1047 2138; x_wconf 89' lang='lat' dir='ltr'>respondit</span> <span class='ocrx_word' id='word_1_92' title='bbox 1066 2057 1454 2138; x_wconf 88' lang='lat' dir='ltr'>promotoraesturuatis-</span> 
     </span>
     <span class='ocr_line' id='line_1_14' title="bbox 280 2161 1455 2244; baseline 0.002 -20"><span class='ocrx_word' id='word_1_93' title='bbox 280 2161 381 2224; x_wconf 90' lang='lat' dir='ltr'>simus</span> <span class='ocrx_word' id='word_1_94' title='bbox 412 2163 581 2227; x_wconf 80' lang='lat' dir='ltr'>lectionem</span> <span class='ocrx_word' id='word_1_95' title='bbox 611 2163 699 2225; x_wconf 82' lang='lat' dir='ltr'>iliam</span> <span class='ocrx_word' id='word_1_96' title='bbox 721 2163 782 2226; x_wconf 86' lang='lat' dir='ltr'>sihi</span> <span class='ocrx_word' id='word_1_97' title='bbox 804 2162 936 2244; x_wconf 89' lang='lat' dir='ltr'>quidem</span> <span class='ocrx_word' id='word_1_98' title='bbox 957 2161 1091 2225; x_wconf 90' lang='lat' dir='ltr'>minime</span> <span class='ocrx_word' id='word_1_99' title='bbox 1113 2165 1235 2225; x_wconf 89' lang='lat' dir='ltr'>certam</span> <span class='ocrx_word' id='word_1_100' title='bbox 1255 2161 1374 2240; x_wconf 83' lang='lat' dir='ltr'>videri,</span> <span class='ocrx_word' id='word_1_101' title='bbox 1395 2162 1455 2226; x_wconf 91' lang='lat' dir='ltr'>sed</span> 
     </span>
     <span class='ocr_line' id='line_1_15' title="bbox 280 2263 1454 2352; baseline 0.003 -23"><span class='ocrx_word' id='word_1_102' title='bbox 280 2263 361 2329; x_wconf 91' lang='lat' dir='ltr'>nihil</span> <span class='ocrx_word' id='word_1_103' title='bbox 393 2268 499 2348; x_wconf 86' lang='lat' dir='ltr'>aptius</span> <span class='ocrx_word' id='word_1_104' title='bbox 521 2286 707 2331; x_wconf 86' lang='lat' dir='ltr'><strong>succurrere</strong></span> <span class='ocrx_word' id='word_1_105' title='bbox 737 2270 768 2331; x_wconf 89' lang='lat' dir='ltr'>et</span> <span class='ocrx_word' id='word_1_106' title='bbox 789 2267 853 2330; x_wconf 87' lang='lat' dir='ltr'>fide</span> <span class='ocrx_word' id='word_1_107' title='bbox 875 2269 960 2331; x_wconf 87' lang='lat' dir='ltr'>certe</span> <span class='ocrx_word' id='word_1_108' title='bbox 981 2285 1048 2330; x_wconf 93' lang='lat' dir='ltr'>non</span> <span class='ocrx_word' id='word_1_109' title='bbox 1070 2286 1180 2330; x_wconf 83' lang='lat' dir='ltr'>carere</span> <span class='ocrx_word' id='word_1_110' title='bbox 1202 2265 1352 2352; x_wconf 57' lang='grc' dir='ltr'><em>ἐρέλιξεν,</em></span> <span class='ocrx_word' id='word_1_111' title='bbox 1375 2286 1454 2331; x_wconf 88' lang='lat' dir='ltr'>con·</span> 
     </span>
     <span class='ocr_line' id='line_1_16' title="bbox 279 2372 1299 2453; baseline 0.001 -18"><span class='ocrx_word' id='word_1_112' title='bbox 279 2372 405 2436; x_wconf 87' lang='lat' dir='ltr'>firmari</span> <span class='ocrx_word' id='word_1_113' title='bbox 427 2374 513 2436; x_wconf 88' lang='lat' dir='ltr'>enim</span> <span class='ocrx_word' id='word_1_114' title='bbox 535 2373 683 2437; x_wconf 88' lang='lat' dir='ltr'>versione</span> <span class='ocrx_word' id='word_1_115' title='bbox 704 2373 821 2436; x_wconf 85' lang='lat' dir='ltr'>Latine</span> <span class='ocrx_word' id='word_1_116' title='bbox 842 2373 1007 2436; x_wconf 85' lang='lat' dir='ltr'>Ciceronis</span> <span class='ocrx_word' id='word_1_117' title='bbox 1028 2377 1129 2453; x_wconf 85' lang='lat' dir='ltr'>atque</span> <span class='ocrx_word' id='word_1_118' title='bbox 1150 2373 1299 2436; x_wconf 91' lang='lat' dir='ltr'>Lucretii.</span> 
     </span>
    </p>

    <p class='ocr_par' dir='ltr' id='par_1_7' title="bbox 278 2475 1455 2981">
     <span class='ocr_line' id='line_1_17' title="bbox 319 2475 1455 2561; baseline 0.001 -18"><span class='ocrx_word' id='word_1_119' title='bbox 319 2479 391 2561; x_wconf 88' lang='lat' dir='ltr'>Ipse</span> <span class='ocrx_word' id='word_1_120' title='bbox 412 2479 548 2560; x_wconf 83' lang='lat' dir='ltr'>cogitavi</span> <span class='ocrx_word' id='word_1_121' title='bbox 561 2479 767 2545; x_wconf 88' lang='lat' dir='ltr'>delectione:</span> <span class='ocrx_word' id='word_1_122' title='bbox 791 2479 892 2554; x_wconf 77' lang='grc' dir='ltr'><em>μέγαν</em></span> <span class='ocrx_word' id='word_1_123' title='bbox 910 2478 936 2537; x_wconf 79' lang='grc' dir='ltr'>δ’</span> <span class='ocrx_word' id='word_1_124' title='bbox 959 2475 1279 2557; x_wconf 74' lang='grc' dir='ltr'><em>ἐτίναξενὊλυμτον,</em></span> <span class='ocrx_word' id='word_1_125' title='bbox 1302 2480 1361 2543; x_wconf 90' lang='lat' dir='ltr'>sed</span> <span class='ocrx_word' id='word_1_126' title='bbox 1371 2481 1455 2545; x_wconf 84' lang='lat' dir='ltr'>haec</span> 
     </span>
     <span class='ocr_line' id='line_1_18' title="bbox 278 2583 1454 2664; baseline 0 -16"><span class='ocrx_word' id='word_1_127' title='bbox 278 2603 354 2648; x_wconf 88' lang='lat' dir='ltr'>mea</span> <span class='ocrx_word' id='word_1_128' title='bbox 386 2584 569 2648; x_wconf 88' lang='lat' dir='ltr'>coniectura</span> <span class='ocrx_word' id='word_1_129' title='bbox 590 2584 724 2648; x_wconf 82' lang='lat' dir='ltr'>refutari</span> <span class='ocrx_word' id='word_1_130' title='bbox 745 2586 875 2664; x_wconf 82' lang='lat' dir='ltr'>poterat</span> <span class='ocrx_word' id='word_1_131' title='bbox 896 2586 1087 2664; x_wconf 83' lang='lat' dir='ltr'>argumento</span> <span class='ocrx_word' id='word_1_132' title='bbox 1110 2583 1200 2664; x_wconf 88' lang='lat' dir='ltr'>quod</span> <span class='ocrx_word' id='word_1_133' title='bbox 1221 2584 1369 2642; x_wconf 75' lang='grc' dir='ltr'><em>τινάσσειν</em></span> <span class='ocrx_word' id='word_1_134' title='bbox 1390 2583 1454 2648; x_wconf 89' lang='lat' dir='ltr'>dici</span> 
     </span>
     <span class='ocr_line' id='line_1_19' title="bbox 278 2688 1453 2772; baseline -0.001 -19"><span class='ocrx_word' id='word_1_135' title='bbox 278 2690 361 2754; x_wconf 87' lang='lat' dir='ltr'>solet</span> <span class='ocrx_word' id='word_1_136' title='bbox 390 2689 431 2754; x_wconf 92' lang='lat' dir='ltr'>de</span> <span class='ocrx_word' id='word_1_137' title='bbox 452 2690 549 2755; x_wconf 91' lang='lat' dir='ltr'>rebus</span> <span class='ocrx_word' id='word_1_138' title='bbox 570 2709 655 2772; x_wconf 89' lang='lat' dir='ltr'>quae</span> <span class='ocrx_word' id='word_1_139' title='bbox 676 2711 774 2753; x_wconf 82' lang='lat' dir='ltr'>mauu</span> <span class='ocrx_word' id='word_1_140' title='bbox 795 2695 946 2768; x_wconf 83' lang='lat' dir='ltr'>tenentur,</span> <span class='ocrx_word' id='word_1_141' title='bbox 971 2688 1017 2752; x_wconf 88' lang='lat' dir='ltr'>Cf.</span> <span class='ocrx_word' id='word_1_142' title='bbox 1039 2689 1071 2752; x_wconf 91' lang='lat' dir='ltr'><strong>M</strong></span> <span class='ocrx_word' id='word_1_143' title='bbox 1093 2690 1171 2766; x_wconf 69' lang='lat'>⁶298,</span> <span class='ocrx_word' id='word_1_144' title='bbox 1192 2690 1222 2753; x_wconf 94' lang='lat' dir='ltr'>N</span> <span class='ocrx_word' id='word_1_145' title='bbox 1233 2689 1312 2764; x_wconf 65' lang='lat'>2243,</span> <span class='ocrx_word' id='word_1_146' title='bbox 1334 2689 1361 2752; x_wconf 92' lang='lat' dir='ltr'>P</span> <span class='ocrx_word' id='word_1_147' title='bbox 1382 2689 1453 2769; x_wconf 82' lang='lat'><strong><em>595,</em></strong></span> 
     </span>
     <span class='ocr_line' id='line_1_20' title="bbox 280 2793 1454 2876; baseline 0.003 -21"><span class='ocrx_word' id='word_1_148' title='bbox 280 2794 409 2872; x_wconf 82' lang='lat' dir='ltr'>rlo3,</span> <span class='ocrx_word' id='word_1_149' title='bbox 441 2796 471 2858; x_wconf 89' lang='grc' dir='ltr'>Χ</span> <span class='ocrx_word' id='word_1_150' title='bbox 502 2797 580 2874; x_wconf 83' lang='grc'>311,</span> <span class='ocrx_word' id='word_1_151' title='bbox 612 2816 637 2876; x_wconf 86' lang='grc' dir='ltr'>χ</span> <span class='ocrx_word' id='word_1_152' title='bbox 671 2795 738 2859; x_wconf 86' lang='grc'>149.</span> <span class='ocrx_word' id='word_1_153' title='bbox 779 2795 870 2858; x_wconf 88' lang='lat' dir='ltr'>Unus</span> <span class='ocrx_word' id='word_1_154' title='bbox 901 2797 1013 2857; x_wconf 84' lang='lat' dir='ltr'>tamen</span> <span class='ocrx_word' id='word_1_155' title='bbox 1045 2797 1094 2858; x_wconf 90' lang='lat' dir='ltr'>est</span> <span class='ocrx_word' id='word_1_156' title='bbox 1125 2794 1213 2857; x_wconf 91' lang='lat' dir='ltr'>locus</span> <span class='ocrx_word' id='word_1_157' title='bbox 1244 2793 1300 2857; x_wconf 93' lang='lat' dir='ltr'>ubi</span> <span class='ocrx_word' id='word_1_158' title='bbox 1327 2794 1369 2858; x_wconf 87' lang='lat' dir='ltr'>ah</span> <span class='ocrx_word' id='word_1_159' title='bbox 1390 2795 1454 2858; x_wconf 87' lang='lat' dir='ltr'>hac</span> 
     </span>
     <span class='ocr_line' id='line_1_21' title="bbox 279 2899 1239 2981; baseline 0 -19"><span class='ocrx_word' id='word_1_160' title='bbox 279 2900 432 2981; x_wconf 89' lang='lat' dir='ltr'>loquendi</span> <span class='ocrx_word' id='word_1_161' title='bbox 455 2900 686 2965; x_wconf 87' lang='lat' dir='ltr'>consuetudine</span> <span class='ocrx_word' id='word_1_162' title='bbox 707 2899 884 2963; x_wconf 85' lang='lat' dir='ltr'>discessum</span> <span class='ocrx_word' id='word_1_163' title='bbox 907 2902 974 2976; x_wconf 89' lang='lat' dir='ltr'>est,</span> <span class='ocrx_word' id='word_1_164' title='bbox 996 2918 1114 2978; x_wconf 87' lang='lat' dir='ltr'>nempe</span> <span class='ocrx_word' id='word_1_165' title='bbox 1136 2920 1160 2978; x_wconf 83' lang='grc' dir='ltr'>χ</span> <span class='ocrx_word' id='word_1_166' title='bbox 1180 2899 1239 2962; x_wconf 89' lang='lat'>88:</span> 
     </span>
    </p>
   </div>
   <div class='ocr_carea' id='block_1_5' title="bbox 522 3041 1114 3230">
    <p class='ocr_par' dir='ltr' id='par_1_8' title="bbox 522 3041 1114 3230">
     <span class='ocr_line' id='line_1_22' title="bbox 638 3041 1114 3124; baseline -0.008 -19"><span class='ocrx_word' id='word_1_167' title='bbox 638 3048 714 3105; x_wconf 75' lang='grc' dir='ltr'><em>ποσί</em></span> <span class='ocrx_word' id='word_1_168' title='bbox 732 3041 764 3105; x_wconf 79' lang='grc' dir='ltr'>δὲ</span> <span class='ocrx_word' id='word_1_169' title='bbox 783 3045 889 3119; x_wconf 63' lang='grc' dir='ltr'><em>θρόνον</em></span> <span class='ocrx_word' id='word_1_170' title='bbox 910 3043 1114 3124; x_wconf 78' lang='grc' dir='ltr'><em>ἀμφοτέροισιν</em></span> 
     </span>
     <span class='ocr_line' id='line_1_23' title="bbox 522 3147 818 3230; baseline -0.01 -20"><span class='ocrx_word' id='word_1_171' title='bbox 522 3151 673 3227; x_wconf 80' lang='grc' dir='ltr'><em>λακτίζων</em></span> <span class='ocrx_word' id='word_1_172' title='bbox 693 3147 818 3230; x_wconf 76' lang='grc' dir='ltr'><em>ἐτίναξε,</em></span> 
     </span>
    </p>
   </div>
   <div class='ocr_carea' id='block_1_6' title="bbox 278 3293 1453 4114">
    <p class='ocr_par' dir='ltr' id='par_1_9' title="bbox 279 3293 1238 3380">
     <span class='ocr_line' id='line_1_24' title="bbox 279 3293 1238 3380; baseline -0.004 -18"><span class='ocrx_word' id='word_1_173' title='bbox 279 3317 381 3380; x_wconf 84' lang='lat' dir='ltr'>quare</span> <span class='ocrx_word' id='word_1_174' title='bbox 400 3297 495 3362; x_wconf 92' lang='lat' dir='ltr'>lectio</span> <span class='ocrx_word' id='word_1_175' title='bbox 516 3297 547 3360; x_wconf 89' lang='lat' dir='ltr'><strong>A</strong></span> <span class='ocrx_word' id='word_1_176' title='bbox 568 3297 627 3360; x_wconf 87' lang='lat'>530</span> <span class='ocrx_word' id='word_1_177' title='bbox 649 3293 777 3376; x_wconf 71' lang='grc' dir='ltr'><em>ἐτίναξεν</em></span> <span class='ocrx_word' id='word_1_178' title='bbox 798 3295 985 3360; x_wconf 83' lang='lat' dir='ltr'>etiamnunc</span> <span class='ocrx_word' id='word_1_179' title='bbox 1005 3294 1086 3359; x_wconf 93' lang='lat' dir='ltr'>mihi</span> <span class='ocrx_word' id='word_1_180' title='bbox 1108 3294 1238 3359; x_wconf 84' lang='lat' dir='ltr'>arridet.</span> 
     </span>
    </p>

    <p class='ocr_par' dir='ltr' id='par_1_10' title="bbox 279 3397 1452 3696">
     <span class='ocr_line' id='line_1_25' title="bbox 319 3397 1450 3483; baseline -0.01 -14"><span class='ocrx_word' id='word_1_181' title='bbox 319 3403 472 3468; x_wconf 85' lang='lat' dir='ltr'>Ceterum</span> <span class='ocrx_word' id='word_1_182' title='bbox 492 3403 608 3483; x_wconf 83' lang='lat' dir='ltr'>legitur</span> <span class='ocrx_word' id='word_1_183' title='bbox 629 3401 749 3482; x_wconf 86' lang='lat' dir='ltr'>Hymn.</span> <span class='ocrx_word' id='word_1_184' title='bbox 770 3400 929 3464; x_wconf 84' lang='lat' dir='ltr'>XXV1H9</span> <span class='ocrx_word' id='word_1_185' title='bbox 973 3397 1258 3476; x_wconf 76' lang='grc' dir='ltr'><em>μέναςὸ’ἐλελίζετ’</em></span> <span class='ocrx_word' id='word_1_186' title='bbox 1273 3401 1450 3476; x_wconf 77' lang='grc' dir='ltr'><em>Ὄλυμπος,</em></span> 
     </span>
     <span class='ocr_line' id='line_1_26' title="bbox 279 3505 1452 3587; baseline -0.004 -14"><span class='ocrx_word' id='word_1_187' title='bbox 279 3508 337 3573; x_wconf 90' lang='lat' dir='ltr'>sed</span> <span class='ocrx_word' id='word_1_188' title='bbox 357 3509 444 3572; x_wconf 92' lang='lat' dir='ltr'>hunc</span> <span class='ocrx_word' id='word_1_189' title='bbox 464 3508 583 3587; x_wconf 84' lang='lat' dir='ltr'>locum,</span> <span class='ocrx_word' id='word_1_190' title='bbox 606 3506 684 3587; x_wconf 88' lang='lat' dir='ltr'>quia</span> <span class='ocrx_word' id='word_1_191' title='bbox 704 3508 832 3569; x_wconf 89' lang='lat' dir='ltr'>nonest</span> <span class='ocrx_word' id='word_1_192' title='bbox 846 3505 1025 3582; x_wconf 88' lang='lat' dir='ltr'>„interioris</span> <span class='ocrx_word' id='word_1_193' title='bbox 1038 3506 1165 3583; x_wconf 87' lang='lat' dir='ltr'>notae”‚</span> <span class='ocrx_word' id='word_1_194' title='bbox 1186 3507 1257 3568; x_wconf 90' lang='lat' dir='ltr'>tuto</span> <span class='ocrx_word' id='word_1_195' title='bbox 1268 3505 1452 3586; x_wconf 81' lang='lat' dir='ltr'>relinquere</span> 
     </span>
     <span class='ocr_line' id='line_1_27' title="bbox 279 3609 1123 3696; baseline -0.005 -19"><span class='ocrx_word' id='word_1_196' title='bbox 279 3631 470 3696; x_wconf 79' lang='lat' dir='ltr'>possumus,</span> <span class='ocrx_word' id='word_1_197' title='bbox 491 3611 571 3675; x_wconf 91' lang='lat' dir='ltr'>nihil</span> <span class='ocrx_word' id='word_1_198' title='bbox 592 3613 679 3674; x_wconf 89' lang='lat' dir='ltr'>certe</span> <span class='ocrx_word' id='word_1_199' title='bbox 700 3629 738 3674; x_wconf 92' lang='lat' dir='ltr'>eo</span> <span class='ocrx_word' id='word_1_200' title='bbox 759 3611 918 3692; x_wconf 89' lang='lat' dir='ltr'>probatur</span> <span class='ocrx_word' id='word_1_201' title='bbox 939 3609 973 3673; x_wconf 93' lang='lat' dir='ltr'>in</span> <span class='ocrx_word' id='word_1_202' title='bbox 994 3611 1056 3674; x_wconf 88' lang='lat' dir='ltr'>hac</span> <span class='ocrx_word' id='word_1_203' title='bbox 1078 3630 1123 3673; x_wconf 89' lang='lat' dir='ltr'><strong>re.</strong></span> 
     </span>
    </p>

    <p class='ocr_par' dir='ltr' id='par_1_11' title="bbox 278 3713 1453 4114">
     <span class='ocr_line' id='line_1_28' title="bbox 318 3713 1451 3794; baseline -0.005 -11"><span class='ocrx_word' id='word_1_204' title='bbox 318 3718 478 3783; x_wconf 90' lang='lat' dir='ltr'>Omnibus</span> <span class='ocrx_word' id='word_1_205' title='bbox 499 3716 569 3780; x_wconf 89' lang='lat' dir='ltr'>aliis</span> <span class='ocrx_word' id='word_1_206' title='bbox 590 3716 666 3780; x_wconf 86' lang='lat' dir='ltr'>loeis</span> <span class='ocrx_word' id='word_1_207' title='bbox 688 3719 798 3779; x_wconf 85' lang='lat' dir='ltr'>autem</span> <span class='ocrx_word' id='word_1_208' title='bbox 822 3735 950 3779; x_wconf 89' lang='lat' dir='ltr'>summo</span> <span class='ocrx_word' id='word_1_209' title='bbox 963 3715 1033 3780; x_wconf 92' lang='lat' dir='ltr'>iure</span> <span class='ocrx_word' id='word_1_210' title='bbox 1046 3715 1199 3794; x_wconf 82' lang='lat' dir='ltr'>Cobetus‚</span> <span class='ocrx_word' id='word_1_211' title='bbox 1223 3713 1451 3778; x_wconf 89' lang='lat' dir='ltr'>auctoritatem</span> 
     </span>
     <span class='ocr_line' id='line_1_29' title="bbox 278 3817 1452 3902; baseline -0.006 -16"><span class='ocrx_word' id='word_1_212' title='bbox 278 3823 414 3888; x_wconf 90' lang='lat' dir='ltr'>Bentleii</span> <span class='ocrx_word' id='word_1_213' title='bbox 436 3821 639 3902; x_wconf 89' lang='lat' dir='ltr'>Dawesiique</span> <span class='ocrx_word' id='word_1_214' title='bbox 659 3823 803 3894; x_wconf 69' lang='lat' dir='ltr'>secutus¹</span> <span class='ocrx_word' id='word_1_215' title='bbox 833 3820 955 3884; x_wconf 83' lang='lat' dir='ltr'>formas</span> <span class='ocrx_word' id='word_1_216' title='bbox 977 3820 1111 3884; x_wconf 86' lang='lat' dir='ltr'>vitiosas</span> <span class='ocrx_word' id='word_1_217' title='bbox 1133 3817 1280 3894; x_wconf 72' lang='grc' dir='ltr'><em>ἐλέλικτο,</em></span> <span class='ocrx_word' id='word_1_218' title='bbox 1303 3817 1452 3899; x_wconf 63' lang='grc' dir='ltr'><em>ἐλελίχθη</em></span> 
     </span>
     <span class='ocr_line' id='line_1_30' title="bbox 279 3923 1453 4010; baseline -0.003 -18"><span class='ocrx_word' id='word_1_219' title='bbox 279 3929 385 3992; x_wconf 91' lang='lat' dir='ltr'>simm.</span> <span class='ocrx_word' id='word_1_220' title='bbox 407 3930 545 3991; x_wconf 82' lang='lat' dir='ltr'>mutavit</span> <span class='ocrx_word' id='word_1_221' title='bbox 565 3926 599 3989; x_wconf 90' lang='lat' dir='ltr'>in</span> <span class='ocrx_word' id='word_1_222' title='bbox 620 3923 765 4010; x_wconf 57' lang='grc' dir='ltr'><em>ἐμέλιντο,</em></span> <span class='ocrx_word' id='word_1_223' title='bbox 796 3925 943 4010; x_wconf 54' lang='grc' dir='ltr'><em>ἐρελίχθη</em></span> <span class='ocrx_word' id='word_1_224' title='bbox 965 3929 1034 4005; x_wconf 86' lang='lat' dir='ltr'>etc,</span> <span class='ocrx_word' id='word_1_225' title='bbox 1055 3945 1140 4006; x_wconf 81' lang='lat' dir='ltr'>quae</span> <span class='ocrx_word' id='word_1_226' title='bbox 1161 3926 1286 3988; x_wconf 87' lang='lat' dir='ltr'>formae</span> <span class='ocrx_word' id='word_1_227' title='bbox 1297 3925 1453 4005; x_wconf 85' lang='lat' dir='ltr'>antiquae</span> 
     </span>
     <span class='ocr_line' id='line_1_31' title="bbox 280 4029 1452 4114; baseline -0.004 -16"><span class='ocrx_word' id='word_1_228' title='bbox 280 4033 378 4098; x_wconf 88' lang='lat' dir='ltr'>etiam</span> <span class='ocrx_word' id='word_1_229' title='bbox 400 4032 522 4114; x_wconf 88' lang='lat' dir='ltr'>optime</span> <span class='ocrx_word' id='word_1_230' title='bbox 543 4031 769 4112; x_wconf 84' lang='lat' dir='ltr'>significationi</span> <span class='ocrx_word' id='word_1_231' title='bbox 791 4030 985 4095; x_wconf 79' lang='lat' dir='ltr'>convertendi</span> <span class='ocrx_word' id='word_1_232' title='bbox 1005 4030 1222 4106; x_wconf 84' lang='lat' dir='ltr'>conveniunt,</span> <span class='ocrx_word' id='word_1_233' title='bbox 1245 4049 1271 4093; x_wconf 91' lang='lat' dir='ltr'>e.</span> <span class='ocrx_word' id='word_1_234' title='bbox 1293 4048 1321 4110; x_wconf 84' lang='lat' dir='ltr'>g.</span> <span class='ocrx_word' id='word_1_235' title='bbox 1344 4029 1452 4093; x_wconf 85' lang='lat' dir='ltr'>citabo</span> 
     </span>
    </p>
   </div>
   <div class='ocr_carea' id='block_1_7' title="bbox 278 4134 1451 4219">
    <p class='ocr_par' dir='ltr' id='par_1_12' title="bbox 278 4134 1451 4219">
     <span class='ocr_line' id='line_1_32' title="bbox 278 4134 1451 4219; baseline -0.004 -16"><span class='ocrx_word' id='word_1_236' title='bbox 278 4157 410 4203; x_wconf 81' lang='lat' dir='ltr'>versum</span> <span class='ocrx_word' id='word_1_237' title='bbox 432 4136 656 4201; x_wconf 89' lang='lat' dir='ltr'>formularium</span> <span class='ocrx_word' id='word_1_238' title='bbox 678 4136 733 4219; x_wconf 90' lang='lat' dir='ltr'>qui</span> <span class='ocrx_word' id='word_1_239' title='bbox 756 4137 871 4219; x_wconf 83' lang='lat' dir='ltr'>legitur</span> <span class='ocrx_word' id='word_1_240' title='bbox 892 4139 918 4198; x_wconf 89' lang='lat' dir='ltr'>E</span> <span class='ocrx_word' id='word_1_241' title='bbox 943 4135 1024 4215; x_wconf 84' lang='grc'>497,</span> <span class='ocrx_word' id='word_1_242' title='bbox 1045 4137 1070 4195; x_wconf 89' lang='grc' dir='ltr'><strong><em>Ζ</em></strong></span> <span class='ocrx_word' id='word_1_243' title='bbox 1093 4135 1169 4214; x_wconf 88' lang='grc'>106,</span> <span class='ocrx_word' id='word_1_244' title='bbox 1190 4136 1224 4194; x_wconf 87' lang='grc' dir='ltr'><strong>Α</strong></span> <span class='ocrx_word' id='word_1_245' title='bbox 1244 4134 1312 4213; x_wconf 78' lang='lat' dir='ltr'>oto,</span> <span class='ocrx_word' id='word_1_246' title='bbox 1334 4136 1358 4194; x_wconf 89' lang='lat' dir='ltr'>P</span> <span class='ocrx_word' id='word_1_247' title='bbox 1376 4134 1451 4198; x_wconf 69' lang='lat'>343:</span> 
     </span>
    </p>
   </div>
   <div class='ocr_carea' id='block_1_8' title="bbox 479 4272 1252 4355">
    <p class='ocr_par' dir='ltr' id='par_1_13' title="bbox 479 4272 1252 4355">
     <span class='ocr_line' id='line_1_33' title="bbox 479 4272 1252 4355; baseline -0.005 -21"><span class='ocrx_word' id='word_1_248' title='bbox 479 4279 503 4334; x_wconf 87' lang='grc' dir='ltr'>οί</span> <span class='ocrx_word' id='word_1_249' title='bbox 524 4275 552 4334; x_wconf 76' lang='grc' dir='ltr'>δ’</span> <span class='ocrx_word' id='word_1_250' title='bbox 570 4272 779 4355; x_wconf 64' lang='grc' dir='ltr'><em>ἐλελίχθησαν</em></span> <span class='ocrx_word' id='word_1_251' title='bbox 800 4276 848 4338; x_wconf 76' lang='grc' dir='ltr'><em>ναί</em></span> <span class='ocrx_word' id='word_1_252' title='bbox 869 4272 989 4334; x_wconf 83' lang='grc' dir='ltr'><em>ἐναντίοι</em></span> <span class='ocrx_word' id='word_1_253' title='bbox 1009 4272 1101 4334; x_wconf 84' lang='grc' dir='ltr'><em>ἔσταν</em></span> <span class='ocrx_word' id='word_1_254' title='bbox 1124 4276 1252 4353; x_wconf 72' lang='grc' dir='ltr'><em>Ἀχαιῶν</em></span> 
     </span>
    </p>
   </div>
   <div class='ocr_carea' id='block_1_9' title="bbox 279 4398 1448 4486">
    <p class='ocr_par' dir='ltr' id='par_1_14' title="bbox 279 4398 1448 4486">
     <span class='ocr_line' id='line_1_34' title="bbox 279 4398 1448 4486; baseline -0.009 -18"><span class='ocrx_word' id='word_1_255' title='bbox 279 4403 336 4468; x_wconf 92' lang='lat' dir='ltr'>ubi</span> <span class='ocrx_word' id='word_1_256' title='bbox 376 4403 509 4468; x_wconf 89' lang='lat' dir='ltr'>omnino</span> <span class='ocrx_word' id='word_1_257' title='bbox 551 4408 599 4469; x_wconf 91' lang='lat' dir='ltr'>est</span> <span class='ocrx_word' id='word_1_258' title='bbox 639 4404 813 4486; x_wconf 81' lang='lat' dir='ltr'>legendum</span> <span class='ocrx_word' id='word_1_259' title='bbox 855 4402 1083 4485; x_wconf 68' lang='grc' dir='ltr'><em>ἐμλνχειησαν,</em></span> <span class='ocrx_word' id='word_1_260' title='bbox 1120 4403 1139 4466; x_wconf 86' lang='lat' dir='ltr'>i.</span> <span class='ocrx_word' id='word_1_261' title='bbox 1173 4422 1200 4466; x_wconf 91' lang='lat' dir='ltr'>e.</span> <span class='ocrx_word' id='word_1_262' title='bbox 1239 4398 1448 4480; x_wconf 71' lang='grc' dir='ltr'><em>ἐστράφησαν,</em></span> 
     </span>
    </p>
   </div>
   <div class='ocr_carea' id='block_1_10' title="bbox 0 0 1660 5250">
    <p class='ocr_par' dir='ltr' id='par_1_15' title="bbox 0 0 1660 5250">
     <span class='ocr_line' id='line_1_35' title="bbox 0 0 1660 5250; baseline 0 1"><span class='ocrx_word' id='word_1_263' title='bbox 0 0 1660 5250; x_wconf 95' lang='lat' dir='ltr'> </span> 
     </span>
    </p>
   </div>
  </div>
 </body>
</html>
