3312 5250
814 505 854 570 27

287 685 385 768 Apud
404 685 563 751 Pmomou
583 684 698 766 legitur
719 683 847 765 passive
866 683 961 766 Pyth.
984 679 1422 759 {trientabulumque

242 788 277 854 ἐκ
298 797 493 867 καρπαλιμᾶν
513 789 623 864 γενύων
644 789 837 870 χριμφθέντα
858 787 911 848 σὺν
932 786 1026 848 ἔντεσι
1041 789 1199 865 μιμήσαιτ’
1212 786 1416 864 ἐρικλάγκταν

245 897 332 971 γόον,

286 999 339 1064 Ad
358 1000 496 1064 verbum
515 1018 655 1082 sequens
677 998 837 1062 diffidenti
860 1000 957 1080 atque
981 997 1196 1079 despondenti
1216 998 1284 1062 fere
1308 997 1418 1060 animo

246 1104 385 1182 accedo;
406 1104 586 1186 periculum
610 1103 698 1168 enim
721 1123 791 1167 esse
812 1103 917 1166 sentio
939 1122 980 1166 ne
1001 1101 1108 1182 impar
1119 1102 1180 1165 sim
1192 1099 1322 1182 negotio
1334 1103 1423 1185 quod

245 1209 373 1290 suscepi
404 1209 464 1272 rite
491 1209 687 1290 peragendo.
729 1207 873 1272 Verbum
895 1207 966 1271 dico
988 1205 1135 1282 ἐλελιζειν,
1178 1205 1273 1283 Quod
1294 1207 1420 1288 gravis-

245 1314 348 1378 simus
376 1317 489 1406 auctor
510 1313 671 1394 iudexque
692 1313 906 1394 peritissimus
929 1311 1070 1376 Cobetus
1095 1347 1130 1355 —
1154 1311 1270 1375 criticis
1292 1313 1420 1376 Britan-

209 1409 212 1417 ’
244 1420 296 1483 nis
327 1418 491 1495 Bentlelo,
522 1417 691 1497 Dawesio,
722 1419 835 1498 Payne
867 1416 1019 1498 Knightio
1042 1436 1193 1480 assensus
1215 1451 1255 1460 ·-
1277 1417 1310 1480 in
1332 1417 1418 1481 Misc.
1458 1441 1461 1446 ¹

243 1525 322 1590 Crit.
344 1525 416 1606 pag.
438 1525 497 1587 275
518 1545 587 1606 sqq.
611 1523 777 1587 contendit
797 1523 875 1586 vitio
897 1543 967 1586 esse
989 1525 1104 1586 natum
1128 1527 1159 1586 et
1178 1519 1430 1597 ταιδῐανὺταβο-’

243 1637 361 1706 λιμαῐαι
382 1649 453 1694 esse
473 1649 532 1711 pro
553 1629 659 1692 forma
681 1628 835 1709 antiquae
858 1627 1035 1691 nobilitatis
1049 1627 1236 1712 ρελισσέμεν.
1262 1621 1421 1692 Omnibus

244 1738 356 1799 autem
378 1733 456 1798 locis
478 1733 533 1796 ubi
553 1735 705 1813 leguntur
725 1729 865 1811 ἐλέλιξεν,
888 1729 1034 1807 ἐλέλικτο,
1058 1731 1207 1812 ἐλελίχθη
1228 1733 1424 1798 simmsub·

243 1840 349 1904 stituit
369 1839 491 1903 formas
512 1838 651 1924 ἑρέλιξεν,
676 1839 843 1922 fefelleram,
867 1836 1023 1922 έρελὶχθη,

286 1944 429 2009 Verbum
452 1945 631 2029 ρελισσέμεν
652 1943 748 2025 igitur
760 1945 841 2008 duas
856 1944 1009 2008 habuerit
1020 1943 1269 2024 significationes
1283 1946 1421 2024 oportet,

244 2070 369 2131 nempe¹
393 2050 587 2114 concutiendi
608 2052 640 2113 et
662 2049 871 2128 couverteudt,
894 2069 973 2112 nam
996 2051 1024 2112 A
1046 2050 1124 2114 530:
1147 2049 1246 2125 μέγαν
1258 2049 1284 2107 δ’
1297 2047 1423 2134 ἐρέλιξεν

244 2158 413 2233 ’Όλνμτον
443 2156 523 2220 nihil
555 2155 641 2219 aliud
672 2156 853 2236 significare
874 2159 982 2237 potest
1002 2155 1082 2233 nisi,
1104 2158 1141 2218 ut
1162 2155 1247 2235 Virg.
1270 2155 1351 2219 Aen.
1377 2155 1421 2218 IX

246 2262 307 2325 106
329 2265 360 2326 et
379 2261 410 2325 X
432 2262 489 2324 115
510 2261 625 2324 vertit:
647 2267 675 2322 et
696 2267 792 2323 totum
816 2267 895 2323 mutu
917 2249 1105 2324 rasurarum
1131 2258 1307 2342 Olympum.
1329 2260 1422 2323 Mons

245 2365 335 2431 enim
355 2385 421 2430 non
443 2365 700 2445 μεταστρέφεται,
731 2366 899 2446 multoque
921 2367 1028 2429 minus
1049 2365 1259 2440 ἀνατρέπεται,
1281 2365 1354 2429 lieet
1378 2365 1423 2428 sic

244 2470 408 2552 accepisse
439 2471 588 2534 videatur
620 2470 682 2533 Cic.
705 2470 746 2534 de
768 2470 849 2550 Rep.
873 2469 885 2532 1
906 2469 924 2551 ἓ
945 2471 1000 2533 56:
1033 2471 1087 2552 qui
1108 2475 1207 2546 uutu,
1232 2477 1268 2532 ut
1288 2472 1333 2532 m‘t
1355 2468 1422 2532 Ho-

244 2597 372 2655 merus,
393 2583 490 2640 totum
516 2575 681 2660 Olympum
703 2582 905 2653 converteret,
928 2579 960 2638 et
982 2575 1071 2656 apud
1091 2575 1183 2638 Lucr.
1205 2575 1232 2638 ll
1256 2575 1332 2638 1096
1343 2574 1422 2655 legi-

243 2685 321 2748 tur:
351 2683 421 2766 quis
451 2683 532 2760 potis
562 2687 606 2744 est
626 2681 721 2744 coelos
743 2682 844 2744 ommis
866 2687 1038 2744 conuertere
1060 2683 1133 2757 etc,
1165 2679 1228 2742 vid.
1251 2682 1423 2759 praeterea

245 2787 334 2867 Virg.
365 2787 447 2851 Aen.
468 2786 510 2850 IV
530 2786 608 2850 969:
630 2787 749 2850 coelum
770 2793 798 2850 ct
822 2795 923 2850 terras
945 2788 999 2870 qui
1019 2787 1147 2849 uumiue
1169 2791 1289 2868 torquet
1310 2784 1357 2848 Cf.
1380 2785 1423 2848 lX

245 2892 307 2956 93:
329 2898 447 2976 torquet
467 2893 522 2975 qut
540 2891 646 2954 sidero
667 2891 787 2954 muudi.
819 2889 941 2968 Quodsi
961 2890 1109 2972 luppiter
1129 2893 1234 2954 totum
1246 2889 1422 2972 Olympum

245 3003 446 3075 converteret,
478 2997 534 3060 ubi
565 2999 713 3060 maneret
745 2996 814 3077 ipse
845 2996 947 3072 πατὴρ
978 2996 1089 3071 ἀνδρῶν
1118 3017 1152 3056 τε
1173 3003 1251 3057 θεῶν
1272 2999 1333 3060 re?
1367 2995 1422 3059 ubi

245 3121 363 3166 omnes
394 3102 426 3166 di
459 3101 632 3182 deaeque?
664 3101 781 3164 Mirum
812 3101 901 3182 quod
932 3121 1000 3165 non
1021 3121 1134 3167 omnes
1156 3103 1343 3179 caelicolae,
1366 3102 1421 3184 qui

244 3206 331 3270 forte
352 3205 483 3270 fortuna
504 3206 537 3269 in
558 3205 696 3286 Olympo
717 3205 934 3269 versabantur
956 3225 1030 3270 cum
1044 3213 1285 3283 converteretur,
1307 3207 1420 3271 abillo

244 3311 325 3376 inde
345 3312 396 3376 die
417 3311 640 3374 claudicarunt
662 3329 734 3374 cum
756 3311 908 3375 Vulcano.
950 3311 994 3374 At
1014 3311 1081 3375 suis
1101 3312 1326 3393 sodaliumque
1348 3331 1420 3376 cru·

244 3416 336 3488 ribus
358 3419 456 3498 atque
477 3415 604 3480 lacertis
625 3415 814 3491 metuebat,
836 3415 969 3496 opinor,
992 3417 1072 3480 deus
1093 3417 1234 3497 optimus
1248 3416 1420 3498 maximus,

244 3539 355 3601 neque
384 3523 532 3584 montem
559 3519 649 3582 illum
671 3539 688 3582 o
710 3519 873 3583 radicibus
895 3521 1032 3585 evellere
1054 3524 1110 3584 aut
1130 3524 1208 3584 tunc
1230 3524 1286 3584 aut
1307 3524 1421 3602 postea

244 3628 382 3690 conatus
407 3629 474 3700 est;
506 3625 615 3706 itaque
638 3627 695 3687 aut
715 3622 843 3708 ἐρέλιξεν
864 3626 1059 3690 vertendum
1081 3625 1142 3690 erit
1163 3627 1335 3704 concussit,
1358 3633 1419 3690 trc-

244 3731 386 3810 mctem't‚
418 3728 528 3790 ’έσεισεν
548 3729 611 3795 ἦτοι
631 3725 778 3804 ἐκίνησεν,
811 3732 847 3792 ut
869 3732 918 3793 est
937 3730 971 3794 in
991 3731 1203 3812 paraphrasi,
1226 3734 1283 3795 aut
1304 3731 1337 3794 in
1358 3732 1419 3796 hac

244 3839 334 3900 certe
363 3823 525 3899 locutione
556 3835 719 3898 servanda
752 3835 813 3898 erit
844 3835 937 3898 lectio
969 3835 1090 3899 tradita
1121 3833 1250 3914 ἐλέλιξεν
1278 3837 1419 3901 averbo

243 3940 395 4016 ἐλελίζειν,
419 3939 469 4004 cui
491 3940 641 4020 proprius
663 3939 758 4002 fuerit
780 3959 893 4003 sensus
914 3940 1097 4023 quossomlt.
1168 3960 1171 3971 ‘

287 4045 352 4110 Sed
371 4047 502 4127 praeter
523 4047 549 4104 A
571 4045 631 4106 530
651 4043 716 4107 duo
737 4047 862 4108 restant
883 4044 944 4108 loci
964 4045 1019 4125 qui
1041 4044 1257 4125 suspicionem
1269 4049 1418 4124 movent3

243 4169 386 4234 quorum
405 4149 495 4231 prior
516 4151 565 4212 est
585 4147 611 4208 Θ
635 4148 709 4211 199:
739 4227 743 4238 ¹

367 4257 500 4314 ’σείσατο
521 4254 547 4314 δ’
571 4253 616 4311 εἰνὶ
636 4255 743 4330 θρόνῳ,
768 4250 879 4332 ἐλέλιξε
900 4251 933 4313 δὲ
953 4251 1066 4330 μακρὸν
1088 4253 1263 4329 Ὄλνμτον.

286 4360 497 4426 Desideratur
533 4358 622 4422 notio
654 4358 833 4441 puotieudc‘,
873 4378 957 4439 quae
988 4377 1055 4426 non
1086 4358 1251 4424 obtinetur
1281 4360 1417 4426 lectione
