3360 5250
819 532 858 596 50

248 715 375 780 tissima
396 717 428 778 et
448 712 669 794 vulgatissima
689 711 849 776 locutione
870 711 957 780 κῦδος
978 710 1117 786 ἀρέσθαι,
1143 699 1298 790 (iterim,
1319 712 1421 784 κλέος,

250 825 329 890 νίκην
348 819 484 896 ἀρέσθαι.
518 819 582 882 Ριο
603 817 689 892 ἀρετο
711 820 822 880 autem
842 815 936 891 ἤρατο
961 817 1039 880 dare
1061 817 1166 880 solent
1188 817 1423 896 codiceS‚qu0d

251 924 366 986 vitium
387 923 459 1003 ptus
480 922 580 986 semel
601 921 755 984 indicavit
776 919 936 996 CobetuS,
966 920 1016 982 cui
1038 921 1137 984 etiarn
1160 938 1247 984 nunc
1268 922 1345 984 sunt
1367 919 1422 1000 qui

253 1047 367 1092 aurem
387 1027 546 1108 praebere
568 1025 681 1090 nolint.

295 1133 343 1196 De
363 1133 503 1215 proemio
524 1130 734 1214 comparando
755 1129 928 1194 adhibetur
945 1130 1047 1193 tide:
1069 1129 1176 1190 &tetta
1186 1129 1295 1189 ποσσὶν
1305 1130 1420 1204 ἀροντο.

251 1237 299 1300 De
320 1239 480 1300 aerumnis
502 1240 534 1301 et
553 1235 731 1300 vulneribus
750 1234 768 1294 δ
792 1235 866 1298 107;
888 1233 955 1294 ‘o'oo’
968 1235 1108 1305 Ὀδνσεός
1118 1217 1251 1312 ἐμόγησε
1263 1235 1311 1298 καὶ
1323 1235 1420 1316 ἤρετο,

252 1340 280 1408 Ξ
304 1341 380 1404 130:
402 1344 445 1418 μη
466 1342 522 1402 oroi
544 1364 588 1410 τις
610 1338 650 1420 ἐφ’
673 1339 753 1401 ἕλκεϊ
772 1338 857 1409 ἐ’λιοος
877 1340 992 1415 ἄρηται.

292 1445 394 1509 Plane
416 1445 569 1512 inusitate
590 1449 766 1528 usurpatur
789 1447 877 1526 apud
889 1445 1073 1508 Sornoonuu
1084 1445 1147 1510 hoc
1157 1445 1303 1523 verbum,
1326 1443 1425 1508 etiam

253 1551 418 1630 praesenti
449 1556 612 1632 tempore,
644 1570 742 1615 sensu
773 1549 975 1614 nanciscendi
1006 1553 1038 1614 et
1062 1550 1265 1630 possidendi,
1293 1549 1344 1613 Αἰ.
1366 1549 1425 1613 75;

252 1653 282 1714 οό
303 1659 365 1730 σῖγ’
388 1654 479 1734 onega
500 1653 576 1731 μηδὲ
595 1657 703 1715 δειλίαν
725 1655 803 1730 ἄρεῖι
826 1655 883 1718 ubi
904 1655 1012 1714 δειλίαν
1034 1654 1188 1735 ἄρνυσθαι,
1211 1655 1230 1718 i.
1244 1655 1426 1736 conacciae

212 1813 215 1820 .
253 1767 359 1823 notam
379 1763 414 1823 ιἰο
435 1782 466 1824 ιο
486 1764 629 1844 recipere,
651 1761 884 1825 conterendum
906 1763 955 1824 est
975 1779 1049 1824 cum
1061 1761 1135 1825 Ant.
1147 1760 1226 1824 924:
1247 1758 1424 1834 δυσσέβειαν

251 1862 437 1942 ἐκτησάμην,
460 1866 535 1930 Eur.
558 1865 640 1930 Med.
662 1865 741 1928 297:
762 1865 869 1944 Pisonen
891 1865 1060 1945 ἀλφᾶνονσι.
1088 1865 1186 1930 -Αἰ,
1199 1865 1278 1928 ⁶247:
1300 1863 1423 1940 ὥρασιν

252 1971 306 2041 ’ήδη
327 1993 371 2030 τοι
397 2007 429 2015 -
452 1971 550 2030 ποδοῖν
571 1969 689 2033 αλοσᾶν
710 1969 845 2045 ἀρέσθαι.
879 1970 955 2034 Ani.
977 1971 1055 2034 903:
1078 1976 1125 2029 νάν
1146 1967 1179 2030 δὲ
1196 1969 1288 2029 τοιάδ’
1301 1969 1425 2044 ἄρννμαι

255 2081 327 2150 (te.
348 2077 554 2154 mercedem),
575 2074 854 2152 εεάολ.λοιμβάνω;
876 2075 992 2138 Trach.
1005 2074 1082 2138 711:
1104 2065 1212 2152 ὧνέγὼ
1224 2074 1425 2153 μεθύστερον,

252 2179 297 2240 ’ἆτ’
319 2179 415 2243 οὐκέτ’
437 2181 527 2256 ἀρκεῖ,
551 2180 604 2245 τόν
626 2182 760 2257 μᾶἒιησιν
780 2181 904 2256 ἄρνυμαι
927 2180 945 2243 i.
969 2199 995 2244 e.
1018 2181 1179 2244 scientiam
1201 2180 1314 2260 haben,
1343 2179 1425 2244 Phil.

253 2288 313 2350 856
334 2305 401 2366 sq.:
429 2288 527 2362 καιρός
547 2309 591 2345 σοι
611 2287 731 2345 πάντων
751 2287 876 2362 γνώμαν
896 2285 989 2365 ἀσχων
1010 2284 1088 2345 πολὺ
1109 2285 1190 2363 σαρᾶ
1212 2287 1292 2346 πόδα
1313 2285 1424 2360 κράτος

253 2391 382 2466 ἀρννται,
406 2389 511 2454 Schot.
533 2389 721 2470 ἀποφέρεται,
744 2390 803 2454 sed
825 2391 922 2470 plane
943 2390 1030 2454 idem
1052 2393 1100 2455 est
1122 2411 1160 2455 ac
1180 2390 1251 2470 ἔχει.

295 2497 474 2560 Auscnrnus
505 2495 606 2558 utitur
636 2494 810 2558 Homerico
841 2513 938 2558 sensu
959 2495 1048 2576 Sept.
1069 2497 1147 2560 317:
1179 2497 1265 2566 κῦδος
1285 2495 1428 2571 ἄροισθε,

255 2603 313 2666 sed
333 2603 487 2684 suscipere
508 2601 629 2665 indicat
649 2600 741 2664 Eum.
765 2601 841 2664 167:
862 2597 1011 2676 βλοσυρὸν
1032 2601 1172 2678 ἀρόμενον
1193 2603 1279 2682 ἄχος.

296 2708 455 2772 Eunuuous
476 2706 656 2770 Homerum
678 2706 824 2788 sequitur
844 2707 912 2770 Alc.
934 2707 992 2786 56,
1013 2707 1115 2770 Andr.
1137 2707 1212 2787 697,
1234 2707 1332 2770 Ixion.
1346 2706 1385 2771 tr.
1400 2707 1426 2786 1,

255 2813 313 2877 sed
334 2813 412 2876 Hec.
436 2812 513 2875 1073
534 2811 648 2891 legitur
668 2810 825 2888 ἀρνύμενος
846 2809 951 2884 adfixo
972 2811 992 2874 i.
1011 2831 1037 2875 e.
1050 2813 1251 2876 contumeliae
1260 2813 1426 2895 particeps.

295 2917 447 2981 Pmonnus
479 2916 587 2978 differt
617 2916 658 2980 ab
691 2917 834 2979 Homero
854 2916 947 2980 Nem.
968 2915 1023 2979 Vtt
1043 2916 1098 2982 59:
1126 2918 1247 2994 τόλμαν
1268 2937 1302 2976 σε
1323 2921 1423 2979 καλῶν

256 3021 399 3100 ἀρομένῳ,
423 3021 587 3103 suscipere.

749 3223 943 3230 ————--

756 3381 926 3458 ’Ἃγαλμα

299 3559 370 3624 Ηοε
411 3559 605 3644 vocabulum
647 3561 826 3626 secundum
870 3562 1020 3644 antiquos
1050 3560 1280 3643 grammaticos
1311 3559 1434 3626 indicat

259 3665 467 3742 καλλὼσισμα
489 3673 560 3739 πᾶν,
584 3663 625 3746 ἐφ’
648 3655 669 3743 ᾧ
691 3689 735 3736 τις
754 3667 926 3743 ἀγάλλεται
946 3666 995 3730 οιαὶ
1016 3671 1119 3748 χαίρει

300 3770 416 3834 Suidas
447 3771 481 3834 in
501 3789 580 3834 Voce
601 3770 793 3848 όινόιλματαε
825 3773 927 3832 πάντα
948 3772 988 3833 roi
1009 3775 1124 3849 κόσμον
1145 3774 1222 3841 τινός
1243 3772 1427 3853 μετέχοντα.

264 3877 409 3953 Ὅμηρος·
433 3875 560 3950 βασιλῆι·
578 3872 610 3936 δὲ
631 3886 723 3939 νεῖται
744 3877 874 3953 ἄγαλμα
897 3882 940 3956 (Δ
965 3879 1033 3954 144)
1056 3881 1113 3938 Και
1131 3879 1263 3948 Ἡσίοδος
1276 3874 1328 3936 τόν
1343 3875 1433 3953 ὅρμον

262 3985 395 4060 ἄγαλμα
425 3987 510 4044 καλεῖ
542 3983 623 4056 (loco
654 4001 740 4046 nunc
770 3983 950 4065 deperdito)
978 3983 1126 4057 Πίνδαρος
1147 3979 1178 4042 δὲ
1199 3982 1253 4048 τὴν
1274 3981 1320 4042 ἐπὶ
1341 3984 1434 4062 τάφον

262 4091 378 4158 στήλην
400 4085 473 4145 οὕτω
493 4092 578 4148 νκλεῑ
608 4086 713 4163 (Nem.
734 4088 765 4150 X
786 4089 835 4163 77)
869 4085 1025 4163 Εόρισὶδης
1046 4083 1098 4146 τόν
1119 4082 1295 4162 ἐσόνενροῖς
1317 4092 1434 4167 κόσμον

265 4195 346 4276 (Alc.
367 4194 436 4273 616,
457 4193 551 4256 Herc.
574 4193 594 4255 f.
617 4193 692 4270 358,
714 4194 791 4272 7033
815 4194 935 4258 'Froad
960 4196 1038 4270 193).

306 4300 389 4364 Cum
410 4297 526 4362 Suidas
547 4298 747 4362 mentionem
768 4299 890 4364 iniiciat
911 4300 1080 4363 columnae
1101 4301 1332 4381 sepulchraliS‚
1365 4321 1434 4366 me·

264 4407 394 4471 moratu
415 4404 548 4486 dignum
568 4403 695 4468 videtur
716 4404 937 4469 testimonium
959 4403 1057 4469 etiam
1080 4406 1243 4490 antiquius
1264 4406 1435 4472 celeberri-
