3360 5250
836 501 876 564 55

266 679 361 742 tenet
391 679 489 759 atque
523 681 642 743 versat.
684 678 839 760 Exempla
860 697 899 742 ex
920 677 1088 760 Sophoclis
1109 680 1266 744 dramatis
1286 682 1442 762 supersti-

265 783 355 848 tibus
387 783 495 848 afferri
525 788 712 867 nequeunt,
743 805 803 850 nec
833 789 946 850 tamen
973 785 1015 848 ab
1037 785 1106 850 eius
1127 805 1278 850 sermone
1299 787 1439 851 alienam

265 889 366 952 fuisse
398 889 484 954 hanc
516 891 691 955 dictionem
722 895 859 972 apparet
880 911 920 955 ex
941 891 1143 971 tragmento:
1165 892 1367 967 σημαίνεικαὶ
1390 892 1441 952 τὸν

266 995 399 1074 φύλακα,
423 995 461 1064 ὡς
482 997 564 1072 παρὰ
585 998 742 1078 Σοφοκλεῖ,
765 991 820 1056 οἷον
840 997 938 1066 πύλης
948 996 1023 1076 ἄναξ
1031 997 1153 1073 θυρωρέ,
1177 998 1266 1079 quod
1276 1001 1441 1062 servatum

266 1102 318 1164 est
337 1100 371 1164 in
392 1100 556 1182 Melanges
576 1101 689 1166 Milleri
710 1123 741 1183 p.
763 1103 811 1165 32.

307 1206 406 1286 Apud
437 1207 621 1272 Assorinos
642 1211 674 1272 et
695 1208 859 1272 Eomprosn
879 1208 941 1272 hoc
962 1208 1089 1273 dicendi
1111 1227 1212 1288 genus
1233 1208 1362 1289 saepius
1384 1229 1438 1274 oc-

267 1312 387 1392 currit,
419 1313 535 1378 Aesch.
568 1313 657 1376 Pers
689 1313 769 1376 384:
792 1322 853 1382 τᾶς
874 1313 945 1388 ἀνὴρ
966 1315 1068 1386 κώπης
1088 1314 1163 1394 ἄναξ
1184 1315 1220 1383 εἷς
1242 1319 1309 1372 ναῦν
1330 1311 1441 1393 ἐχώρει.

265 1415 339 1480 ibid
370 1419 449 1481 389:
483 1427 551 1478 νεὼν
581 1419 717 1488 ἄναντες.
751 1419 957 1482 Femininum
988 1419 1064 1499 ἄναξ
1095 1419 1258 1483 invenitur
1289 1419 1326 1482 fr.
1359 1420 1439 1484 279:

267 1521 409 1582 δέσποινα
433 1524 531 1604 νύμφη
552 1524 707 1604 δυσχίμων
727 1523 798 1600 ὁρῶν
818 1523 901 1602 ἄναξ.
926 1524 985 1599 (Cf.
1005 1524 1099 1588 Pind.
1120 1523 1339 1604 Pyth.X[[3).
1360 1525 1434 1588 Eur.

265 1625 352 1707 Cyci.
374 1628 413 1691 85
434 1649 501 1710 sq.:

511 1785 565 1858 ἐρῶ
587 1784 661 1860 πρὸς
682 1785 788 1854 ἀκταῖς
808 1784 875 1854 ναὲς
897 1786 1045 1855 Ἑλλάδος
1065 1781 1179 1865 σκάφος

506 1891 609 1959 κώπης
630 1891 659 1948 τ’
681 1891 825 1960 ἄνακτας.

302 2044 371 2124 iph.
392 2044 431 2108 A.
456 2043 551 2108 lddO:
595 2044 733 2124 χαλκέων
753 2043 786 2105 θ’
809 2042 908 2103 ὅπλων
929 2045 1057 2114 ἄνακτες
1077 2047 1219 2114 Ελλήνων
1240 2043 1300 2104 ὅσοι
1320 2050 1392 2108 κτλ.

300 2190 469 2253 Auctorem
489 2188 646 2270 significat
667 2189 770 2254 Andr.
791 2189 870 2254 448:

502 2344 608 2423 ψευδῶν
628 2344 767 2418 ἄνακτες,
791 2346 1011 2424 μηχανορρᾶφοι
1031 2353 1139 2408 κακῶν,

298 2524 384 2587 Hinc
404 2524 498 2587 Plato
520 2523 669 2587 Comicus
681 2524 858 2588 admodum
869 2523 1256 2603 τίἀίεωλενιαρατραρῳδών
1265 2525 1429 2591 hominem

258 2629 381 2709 ingenti
405 2629 511 2692 barba
531 2628 690 2709 insignem
712 2631 807 2692 vocat
829 2630 939 2698 ὑπήνης
960 2629 1075 2691 ἄνακτα
1098 2629 1147 2703 (fr.
1171 2630 1229 2694 1202
1249 2630 1337 2694 Kock
1357 2632 1433 2712 ἄναξ

257 2735 368 2805 ὑπήνης
401 2734 582 2808 Ἐσῐκρανες
602 2733 791 2814 susceptu),
811 2733 899 2815 quod
920 2753 1019 2815 quam
1041 2733 1182 2798 absurde
1204 2734 1325 2798 dictum
1348 2742 1432 2802 esset

257 2838 327 2919 ipse
348 2838 464 2919 opinor
484 2837 605 2918 optime
628 2838 844 2918 intellegebat.

297 2943 450 3006 Poeninus
481 2945 612 3022 praeter
643 2943 769 3024 epicam
799 2942 1068 3024 significationem
1100 2943 1238 3024 figurate
1271 2945 1311 3010 de
1332 2947 1430 3013 rebus

255 3050 394 3128 usurpat
415 3047 463 3112 Ol.
484 3047 556 3112 ΧΙΙΙ
580 3048 656 3112 108:
679 3053 862 3124 μαρτυρήσει
883 3052 1012 3111 Λυκαίου
1033 3047 1141 3125 βωμὸς
1161 3049 1245 3130 ἄναξ.

296 3152 502 3217 Femininum
533 3152 696 3238 (ρμινασσα
727 3154 817 3234 apud
847 3153 1018 3234 Housnon,
1050 3155 1208 3219 Pruonnuu
1237 3157 1270 3220 et
1290 3157 1428 3238 tragicos

255 3262 370 3341 poetas
391 3277 520 3339 semper
541 3259 582 3323 de
609 3259 733 3323 deabus
755 3262 812 3323 aut
831 3259 949 3338 reginis
973 3258 1103 3334 dicitur;
1125 3258 1159 3322 in
1179 3260 1427 3344 Eonrmmsfrag-

255 3366 368 3428 mento
385 3366 497 3427 tamen
515 3363 648 3445 Teleph.
660 3363 719 3428 XV
733 3365 745 3426 1
762 3386 769 3427 :
791 3364 910 3423 ἄνασσα
922 3367 1057 3440 τράγους
1069 3363 1153 3422 τοῦδε
1164 3364 1213 3427 καὶ
1222 3363 1432 3443 βουλεύματος

255 3477 411 3535 auctorem
432 3469 562 3533 indicat.

297 3574 440 3639 Verbum
462 3576 620 3659 ,τανάσσειν
643 3577 691 3638 est
712 3593 830 3658 regere,
862 3574 1022 3637 dominari
1042 3573 1202 3650 etiterum,
1223 3595 1427 3657 possessorem

255 3703 335 3760 esse,
357 3700 385 3744 e.
407 3700 434 3760 g.
456 3679 553 3742 Hom.
575 3679 605 3741 Α
626 3680 684 3756 38,
708 3680 784 3756 180;
807 3680 837 3738 Δ
859 3680 892 3743 61
911 3729 918 3759 ,
940 3679 959 3739 δ
979 3681 1018 3758 9,
1040 3679 1428 3765 λλ84.-Υ18Ο,α4ολ,

254 3787 273 3847 δ
294 3787 353 3865 93,
374 3809 395 3844 ω
417 3786 465 3848 30.

295 3891 424 3971 Tragici
451 3890 531 3955 nihil
553 3891 765 3966 dissentiunt,
793 3893 1023 3972 praeterquam
1055 3891 1143 3972 quod
1174 3891 1333 3956 Eunurons
1364 3895 1427 3958 hoc

254 3997 392 4060 verbum
426 3996 560 4060 adhibet
590 3995 704 4059 eadem
727 3995 852 4059 ratione
874 3996 1059 4077 quamodo
1087 3995 1329 4061 substantivum
1352 3999 1428 4080 ἅναξ

256 4101 345 4184 apud
365 4101 504 4181 tragicos
525 4100 675 4182 usurpari
696 4100 846 4164 vidimus,
889 4101 957 4164 Hel.
982 4102 1075 4164 1040:

480 4259 610 4324 πείσειας
631 4255 667 4314 ἄν
687 4256 741 4314 τιν’
764 4252 862 4324 οἵτινες
882 4256 1075 4332 τετραζύγων

486 4360 564 4440 ἔχων
586 4359 759 4435 ἄνᾶσσουσ’,
783 4359 861 4420 ἄστε
883 4369 937 4438 νιξιν
957 4361 1051 4420 δοῦναι
1073 4361 1205 4440 δίφρουςς
