3312 5250
844 559 882 623 14

314 740 493 804 Sernoeurs
523 740 586 805 hoc
616 741 811 806 vocabulum
843 759 910 804 non
933 740 1038 803 solum
1060 739 1102 804 de
1123 739 1228 804 divino
1248 741 1374 806 oraculo
1396 739 1450 821 (Ο.

274 845 309 910 C.
332 846 408 910 102:
436 849 505 908 κατ’
528 844 626 926 ὁμφὰς
646 845 703 916 τὰς
725 845 931 925 Ἀπόλλωνος)
952 845 1011 910 sed
1032 844 1133 912 etiam
1157 845 1198 910 de
1219 865 1287 911 uoce
1309 845 1451 912 ἀιιιιιαιια

274 954 420 1032 usurpat,
440 951 505 1016 vid.
526 951 563 1017 Ο.
587 951 621 1016 C.
642 953 721 1016 550:

398 1080 447 1143 καὶ
468 1080 528 1159 μὴν
548 1081 623 1161 ἄναξ
645 1079 687 1141 δ’δ’
708 1079 777 1158 ἡμὶν
798 1080 912 1156 Αἰγέως
931 1082 1020 1156 γένος

395 1185 509 1257 Θησέυς
528 1187 598 1249 κατ’
620 1185 715 1267 ὀμφὴν
736 1185 791 1249 σὴν
812 1183 854 1265 ἐφ’
876 1187 998 1258 ἀστάλη
1019 1186 1102 1262 τάρα
1125 1184 1161 1250 ef.
1186 1185 1273 1250 1351.

314 1317 492 1382 Arsunruus
512 1336 579 1381 uno
600 1317 670 1381 loeo
691 1317 792 1382 habet
803 1316 914 1398 Suppl.
926 1317 986 1380 808
996 1318 1077 1381 uocis
1087 1336 1204 1382 sensu:
1225 1316 1283 1394 ἴυζε
1295 1316 1322 1375 δ’
1334 1315 1444 1397 ὀμφάν.

274 1422 373 1503 Apud
393 1421 559 1486 Euurruru
579 1421 695 1487 duobis
717 1422 794 1487 locis
815 1423 951 1503 legitur,
974 1422 1075 1486 altero
1097 1421 1331 1503 significatione
1345 1421 1447 1504 epioe,

274 1527 341 1592 lon.
362 1526 440 1590 908:
463 1526 493 1596 ὃς
512 1525 611 1607 ὀμφὰν
630 1532 749 1602 κληροῖς
769 1525 843 1603 πρὸς
854 1527 995 1607 χρυσέους
1005 1528 1118 1596 θάκους
1128 1527 1177 1589 καὶ
1187 1534 1277 1602 γαίας
1289 1529 1450 1602 μεσσήρεις

274 1629 370 1706 ἕδρας,
394 1632 431 1701 εἲς
452 1621 498 1701 οὓς
518 1630 609 1692 αὐδὰν
628 1631 754 1712 καρύξω.
779 1631 891 1696 Altero
911 1651 989 1696 vero
1008 1633 1077 1696 loco
1091 1649 1271 1696 asermone
1283 1631 1448 1696 homerico

275 1736 411 1801 discedit
431 1739 547 1818 poeta,
569 1736 652 1801 Med.
677 1737 752 1801 175:
774 1745 839 1806 τὼς
859 1735 964 1813 μύθων
985 1735 1175 1799 αιὐδαθέντων
1195 1735 1306 1816 δέξαιτ’
1329 1735 1446 1817 ὂμφάν;

315 1841 414 1924 Apud
433 1841 593 1906 Pununuu
613 1841 729 1923 legitur
748 1861 847 1906 sensu
868 1843 966 1907 vocis:
988 1843 1080 1907 Nem.
1101 1841 1132 1906 X
1153 1841 1212 1905 34:
1234 1841 1325 1901 ἁδεῖαί
1345 1860 1383 1916 γε
1394 1837 1450 1917 μὲν

275 1945 461 2024 ἀμβολάδαν
491 1945 520 2006 ἓν
550 1953 686 2018 τελεταῖς
714 1947 757 2018 δὶς
785 1949 951 2010 Ἀθαναίων
972 1969 1011 2006 νιν
1038 1947 1129 2028 ὀμφαὶ
1150 1947 1306 2023 κώμασαν.
1342 1946 1389 2012 Cf.
1411 1947 1449 2012 fr.

277 2053 316 2116 75
337 2053 409 2131 (45),
435 2052 481 2132 19,
503 2051 541 2116 fr.
565 2053 622 2116 152
644 2053 739 2134 (006).

317 2157 410 2227 Φᾶσις
430 2157 518 2239 apud
539 2158 635 2222 Hom.
657 2158 701 2222 nil
722 2158 783 2223 nisi
804 2179 975 2224 sermonem
995 2179 1020 2224 ε.
1042 2179 1199 2224 rumorem
1222 2155 1354 2237 indicet,
1375 2156 1394 2220 i.
1418 2175 1450 2238 q.

279 2266 381 2345 φήμης
402 2283 422 2345 φ
443 2263 522 2328 323:

318 2368 387 2427 ἀλλ’
410 2367 612 2448 αἰσχυνόμενοι
632 2370 717 2448 φασιν
738 2368 849 2444 ἀνδρῶν
869 2365 920 2440 ἠδὲ
941 2376 1102 2445 γυναικῶν,
1127 2368 1163 2433 cf.
1187 2368 1287 2448 0360.
1312 2365 1451 2432 Debona

276 2475 366 2552 fama
394 2473 415 2554 ξ
444 2473 499 2538 29:
531 2471 563 2535 ἐκ
584 2475 647 2550 γάρ
667 2495 712 2534 τοι
732 2473 845 2534 τούτων
865 2476 951 2556 φάτις
972 2473 1145 2550 ἀνθρώπους
1166 2472 1316 2548 ἀναβαίνει
1338 2471 1447 2544 ἐσθλή.

277 2579 325 2644 De
346 2580 432 2644 mala
452 2580 560 2655 samu:
581 2578 594 2643 l
615 2579 694 2645 leo:

396 2707 479 2769 ἀλλὰ
501 2732 546 2779 τις
566 2709 726 2773 ἀθανάτων
748 2711 841 2794 ’τρέψε
865 2713 980 2793 φρένας,
1004 2711 1034 2783 ὅς
1056 2714 1089 2790 μ’
1112 2709 1149 2773 ivl
1169 2719 1258 2790 θυμῷ

397 2814 493 2891 δήμου
513 2813 603 2888 ἔθηκε
624 2818 710 2893 φάτιν
730 2817 778 2878 καὶ
799 2816 907 2877 ὀνείδεα
928 2820 1020 2878 πόλλ’
1042 2815 1218 2892 ἀνθρώπων,

278 2943 334 3009 ubi
355 2963 413 3025 per
430 2945 524 3022 δήμου
541 2949 627 3026 φάτιν
638 2947 824 3028 intelligitur
835 2948 920 3010 mula
930 2947 1020 3027 famu
1031 2946 1118 3032 apud
1126 2947 1286 3030 populum,
1299 2945 1357 3010 sed
1370 2945 1453 3010 verti

280 3069 410 3134 quoque
430 3054 538 3132 potest
557 3073 699 3116 rumores
721 3073 743 3116 s.
766 3073 921 3116 sermones
940 3054 1154 3137 popularium,
1179 3054 1215 3114 ut
1226 3050 1399 3116 Catulliani
1409 3050 1453 3116 illi

283 3175 446 3236 „rumores
468 3176 583 3221 senum
605 3157 833 3222 severiorum”.
865 3157 1018 3222 Ceterum
1041 3158 1053 3221 l
1076 3156 1233 3221 458-401
1258 3175 1279 3220 a
1301 3158 1454 3222 contextu

280 3262 377 3326 alieni
388 3262 547 3338 videntum
556 3261 591 3326 in
602 3261 765 3326 codicibus
776 3281 843 3326 non
855 3264 967 3327 extant
978 3263 1036 3328 sed
1048 3261 1188 3326 citantur
1198 3260 1282 3324 Plut.
1295 3259 1375 3324 Mor.
1384 3261 1453 3326 ref.

319 3367 418 3450 Apud
438 3367 624 3432 Seruouuuu
643 3367 730 3432 idem
751 3367 910 3450 signifieat
929 3366 979 3448 (O.
1006 3368 1046 3432 R.
1063 3367 1123 3432 495
1146 3363 1202 3426 τάν
1213 3364 1358 3444 ἐπιδυμον
1368 3367 1454 3446 φάτιν

282 3473 425 3538 Οἰδιπόδα
447 3471 494 3537 Cf.
517 3472 595 3553 715,
618 3472 693 3536 Aut.
723 3472 803 3552 700,
824 3473 893 3552 808,
916 3472 965 3536 Ai.
990 3472 1064 3553 187,
1088 3472 1162 3553 193,
1186 3471 1258 3547 978)
1279 3472 1338 3537 sed
1358 3491 1453 3537 usur·

280 3582 378 3664 patui·
409 3596 538 3660 quoque
570 3596 637 3642 non
668 3577 773 3642 solum
795 3577 835 3642 de
857 3596 988 3642 rumore
1009 3577 1065 3660 qui
1086 3577 1243 3660 populum
1265 3578 1317 3644 vel
1337 3578 1453 3643 urbem

280 3683 440 3768 percurrit
470 3682 538 3746 sive
569 3682 610 3748 de
640 3683 811 3748 hominum
841 3702 1011 3763 sermone,
1044 3684 1102 3749 sed
1133 3684 1233 3750 etiam
1257 3685 1297 3749 de
1320 3683 1454 3749 alieuius

281 3790 361 3856 dieto
393 3810 417 3854 ε.
450 3788 587 3872 eloquio,
619 3790 656 3852 ut
675 3787 721 3852 El.
743 3787 821 3852 329:
853 3789 909 3848 τίν’
930 3776 966 3848 αὖ
986 3787 1024 3849 σὺ
1046 3790 1133 3862 τήνδε
1154 3803 1251 3871 φυυεις
1272 3792 1379 3871 φάους
1415 3788 1454 3854 cf.

283 3895 376 3974 12133
396 3893 480 3960 Phil.
502 3893 589 3958 1045.
613 3928 648 3938 -
671 3893 757 3958 Tum
779 3894 913 3959 denotat
933 3897 1115 3961 vaticinium
1132 3903 1160 3962 et
1171 3897 1342 3961 oraculum.
1364 3894 1454 3962 O.R.

284 4001 360 4066 151:
393 3987 415 4060 t
447 3996 519 4068 Διὸς
539 3993 664 4068 &aeswig
684 3999 754 4078 φάτι
776 3997 822 4064 cf.
845 4000 913 4080 310,
935 4000 1004 4080 323,
1029 4001 1114 4066 1440.
1156 4002 1313 4066 Nuntium
1333 4001 1456 4066 indicat

282 4105 332 4170 Αἱ.
353 4105 432 4170 826:
452 4103 547 4171 κακὴν
561 4105 647 4184 φάτιν
659 4103 778 4182 Τεύκρῳ
789 4105 925 4185 φέροντας
950 4106 987 4171 cf.
999 4107 1059 4171 850
1071 4131 1078 4185 ;
1100 4107 1145 4172 El.
1158 4107 1206 4172 56.
1228 4107 1301 4171 Uno
1311 4107 1381 4172 loco
1392 4125 1454 4188 ree,
1487 4187 1499 4202 .

283 4230 368 4303 quae
389 4209 459 4275 aliis
480 4209 608 4274 narrari
618 4211 726 4290 potest
736 4212 782 4277 lut
793 4228 1042 4294 nonnumquam
1054 4214 1169 4290 λόγως
1191 4212 1307 4278 Traeh.
1319 4213 1378 4278 093
1389 4232 1454 4298 sq.:

403 4323 469 4382 εἴσω
488 4322 516 4383 δ’
538 4321 763 4403 ἀτοστείχουσα
783 4323 925 4401 δέρκομαι
945 4326 1031 4406 φάτιν

404 4428 575 4514 ἄφραστον,
599 4427 799 4512 ἀξύμβλητον
819 4429 968 4510 ἀνθρώπῳ
988 4438 1110 4509 μαθεῖν,

525 5072 942 5234 -.A
