3312 5250
805 511 845 575 07

240 688 316 754 dine
347 689 538 770 Homerica,
569 688 626 754 ubi
656 689 794 755 verbum
815 689 953 771 praebet
974 685 1207 778 significatione
1229 683 1411 764 execrandi,

240 794 330 858 diras
349 795 561 879 impeccandc‘,
584 794 621 860 Ο.
644 793 678 860 C.
700 794 779 859 95a:
801 794 909 870 πικρὰς
928 792 1002 869 ἀρὰς
1022 793 1124 869 ἠρᾶτο.
1151 789 1198 856 Cf.
1220 789 1257 855 0.
1279 790 1319 854 R.
1341 789 1424 868 251,

241 899 317 964 Ant.
338 900 408 964 478.

280 1006 379 1088 Apud
399 1005 584 1070 Ausonium
604 1005 682 1069 item
702 1005 871 1088 imprecari
893 1007 959 1068 est.
981 1001 1070 1084 Sept.
1092 1002 1151 1066 633
1172 999 1232 1071 οἵας
1246 1001 1354 1075 ἀρᾶται
1364 997 1424 1064 καὶ.

241 1110 423 1192 κατεύχεται
443 1110 560 1190 τύχας,
584 1110 630 1174 Cf.
652 1111 762 1174 Prom.
783 1109 852 1172 91⁶2.

283 1216 441 1280 Eumenes
470 1215 521 1279 bis
552 1214 653 1279 habet
684 1233 780 1278 sensu
813 1213 904 1294 epico
935 1213 989 1277 Or.
1014 1204 1111 1276 1138':
1134 1210 1179 1270 aci
1201 1209 1304 1270 πολλὰ
1324 1208 1414 1302 καροῖ

242 1321 318 1384 κέδν’
352 1320 491 1396 ἀρώμενοι
512 1329 612 1400 τυχεῖν
620 1369 630 1398 ,.
652 1319 777 1384 Heracl.
799 1321 875 1384 851:
896 1319 1026 1395 ἠράσαθ’
1051 1315 1139 1402 Ἥβῃ
1160 1319 1228 1387 Ζηνί
1248 1318 1294 1376 θ’.
1325 1314 1415 1378 Alias

242 1428 292 1488 est
312 1425 401 1488 diras
421 1427 590 1508 imprecari
609 1423 731 1488 Phoen.
754 1425 808 1488 67:
841 1423 915 1500 ἀρὰς
936 1423 1042 1498 ἀρᾶται
1063 1426 1163 1484 aaran
1182 1421 1229 1485 Cf.
1251 1420 1319 1486 Alc.
1340 1419 1415 1498 717,

242 1529 341 1611 Hipp.
364 1531 455 1608 1168,
477 1530 560 1593 Med.
582 1529 656 1608 607,
678 1529 777 1593 Rhes.
799 1529 868 1593 505.

282 1634 380 1715 Apud
399 1635 558 1698 Pramum
577 1634 714 1697 verbum
735 1652 802 1697 non
824 1633 972 1698 occurrit.

282 1738 528 1802 Substantivum
550 1739 681 1802 verbale
705 1739 759 1814 ἁρή
782 1739 859 1815 (Att.
882 1737 951 1813 apd)
975 1737 1063 1818 apud
1084 1737 1239 1802 Houruuu
1258 1736 1416 1818 significat

237 1863 344 1928 preces
365 1845 405 1920 (0
426 1843 502 1922 378,
524 1843 542 1902 δ
562 1843 650 1921 767),
672 1845 894 1906 caecrationem
916 1843 940 1915 (Ι
961 1843 1040 1922 566),
1063 1843 1269 1906 calamitatem
1288 1841 1335 1922 (Μ
1347 1841 1415 1921 334,

242 1949 278 2010 Π
308 1941 395 2024 510,
416 1947 442 2022 β
461 1949 519 2022 59,
552 1969 577 2027 χ
598 1946 689 2028 708),
722 1947 811 2029 apud
831 1947 990 2012 Pmneauu
1009 1968 1115 2031 preces
1137 1947 1281 2012 denotat.
1303 1947 1413 2011 Isthm.

245 2055 274 2118 V
294 2053 357 2129 (VI)
377 2053 434 2132 43,
456 2052 536 2116 alias
556 2051 678 2132 ubique
700 2052 798 2116 dicae.

282 2158 427 2222 Verbum
447 2162 592 2232 λίσσομαι
607 2157 641 2220 in
651 2156 775 2220 Homuu
787 2156 983 2223 carminibus
996 2159 1052 2220 aut
1063 2157 1180 2220 dicitur
1191 2156 1231 2220 de
1242 2155 1418 2220 bominibus

244 2263 383 2326 homines
414 2261 656 2339 obsecrantibus,
687 2265 744 2324 aut
765 2261 806 2326 de
827 2261 890 2324 dic'e
911 2261 998 2340 deos,
1019 2281 1086 2325 non
1108 2262 1148 2326 de
1169 2261 1354 2325 hominibus
1375 2261 1419 2326 ad

245 2368 323 2432 deos
354 2366 571 2448 precantibus.
614 2367 639 2430 E
670 2365 780 2429 multis
812 2366 966 2447 exemplis
999 2386 1084 2448 quae
1105 2366 1243 2448 proferri
1263 2368 1417 2446 possunt,

245 2473 277 2537 h.
298 2473 318 2536 1.
339 2474 468 2536 tantum
490 2470 597 2535 citabo
617 2470 648 2534 A
670 2471 744 2550 171,
765 2470 822 2534 ubi
843 2471 1071 2550 Agamemnon
1091 2471 1179 2536 hisce
1190 2471 1297 2535 verbis
1308 2470 1417 2536 Achil·

244 2577 309 2668 lem
329 2577 495 2658 increpat:

387 2729 477 2804 φεῦγε
498 2723 586 2800 μάλ’,
610 2721 637 2782 εἴ
651 2745 696 2783 τοι
715 2721 815 2800 θυμὸς
836 2720 1007 2784 ἐπέσσυται·
1031 2721 1095 2784 οὐδέ
1115 2723 1145 2781 σ’
1168 2721 1227 2798 ἐγὼ
1247 2743 1285 2798 γε

384 2833 529 2905 λίσσομαι
549 2826 629 2891 riben’
651 2825 727 2904 iperio
748 2832 851 2904 μένειν.

246 2975 299 3040 Sic
318 2974 348 3039 A
368 2974 428 3038 500
449 2973 565 3038 dicitur
587 2973 627 3037 de
649 2972 798 3052 Thetide,
820 2992 904 3055 quae
925 2993 985 3055 pro
996 2973 1062 3038 filio
1073 2973 1117 3038 ad
1128 2973 1237 3039 Iovem
1248 2977 1417 3055 precatur:

438 3117 601 3194 λισσομένη
622 3118 798 3202 τροσέρειτε
820 3120 880 3179 Δία
902 3121 1046 3193 Κρονίωνα
1068 3122 1217 3204 faramea,

152 3309 154 3314 ι
290 3263 1419 3348 01.Α.783,1130,Ζ45,Ι451,Ο660,Φ71,Χ338,β68,

249 3367 1027 3449 719,3347,e344,e5226,a35‚>4332
1149 3404 1151 3409 ,

287 3475 408 3539 Unicus
428 3474 517 3538 locus
539 3473 593 3555 qui
615 3474 777 3556 discrepat
799 3477 847 3539 est
868 3477 881 3533 Ι
902 3476 977 3554 501,
999 3474 1055 3538 ubi
1077 3476 1155 3540 deos
1173 3479 1419 3553 eaperecadcac'

247 3582 397 3656 ἄνθρωποι
418 3580 597 3655 λισσόμενοι,
621 3577 671 3638 ὅτε
692 3580 741 3641 κέν
762 3602 807 3649 τις
827 3579 962 3665 ὑπερβήῃ
983 3580 1031 3643 καὶ
1052 3582 1185 3668 ἁμάρτῃ,
1208 3583 1265 3646 sed
1282 3583 1418 3670 hiever-

247 3706 302 3750 sus
333 3683 413 3749 mihi
444 3703 705 3764 supervacaneus
735 3685 864 3748 videtur
897 3689 929 3748 et
959 3686 1103 3765 profecto
1131 3687 1239 3752 minus
1267 3688 1419 3769 languide

246 3789 392 3874 procedit
411 3789 500 3852 locus
521 3788 548 3852 si
568 3789 731 3852 sententia
751 3809 848 3853 versu
870 3790 930 3852 500
950 3791 1070 3856 finitur.
1102 3791 1210 3855 Fictus
1222 3793 1419 3858 estfortasse

247 3917 294 3961 ve.
315 3896 372 3960 501
396 3915 416 3959 a
437 3895 581 3976 quodam
602 3895 658 3976 qni
679 3894 772 3976 quasi
794 3893 968 3958 transitum
991 3896 1033 3959 ad
1053 3916 1099 3959 vs
1121 3897 1189 3977 500,
1210 3897 1267 3962 11111
1284 3897 1419 3964 debitis

246 4001 350 4066 oratio
372 3985 438 4078 est',
460 3998 669 4064 desideraret.
961 3997 963 4001 ’

285 4106 319 4166 Π
339 4105 380 4168 46
400 4103 516 4184 legitur
535 4103 642 4167 forma
663 4103 793 4168 insolita
816 4103 956 4165 ezricam
978 4104 1044 4182 (alii
1067 4104 1239 4186 dictabam:

827 4244 845 4324 ἦ
866 4257 927 4334 γὰρ
948 4255 1075 4335 ’έμελλεν

448 4370 494 4448 fat
512 4359 591 4440 αὐτῷ
611 4362 745 4424 θάνατόν
766 4383 800 4421 τε
821 4361 913 4425 κακὸν
933 4362 981 4424 καὶ
1001 4370 1076 4438 κῆρα
1098 4369 1249 4442 iterabat,
