3312 5250
830 553 870 618 39

259 735 320 798 ubi
341 739 454 800 tamen
474 735 581 815 legere
601 732 734 797 malim:
755 731 826 789 ἀλλ’
848 731 924 801 οὔτις
945 731 1024 793 ἔστιν
1045 729 1127 808 ὅστις
1146 739 1218 802 αλ.

303 864 350 928 ΕΙ.
372 864 451 928 βέθε
472 863 537 940 μέν’
559 851 581 920 ιῖι
602 864 727 922 τάλαινα
747 862 791 937 μὴ
812 863 919 948 τρέσῃς
939 859 1012 938 έμὲν
1032 862 1117 942 χέρα.

310 994 456 1058 Timendi
475 993 710 1075 significatione
730 993 907 1073 praebetur
926 992 995 1056 Ale.
1017 992 1097 1056 3⁶28:
1138 991 1223 1052 ἔσται
1243 993 1312 1052 τάδ’
1334 991 1436 1068 ἔσται,

194 1153 200 1160 .
260 1099 307 1176 μὴ
328 1099 436 1187 τρέσῃς
457 1099 505 1162 Cf.
530 1098 645 1161 Aeseh.
658 1097 766 1160 Proin.
781 1097 854 1159 198:
866 1094 958 1170 μηδέν
968 1095 1118 1182 φοβηθῇς.

304 1203 427 1268 Phoen.
461 1203 559 1266 1077:
591 1203 648 1289 ζῇ,
681 1202 725 1277 μὴ
756 1202 863 1288 τρέσῃς
884 1201 948 1260 τίδ’
971 1200 1008 1269 ὥς
1028 1202 1058 1259 σ’
1080 1201 1250 1280 ἀπαλλάξω
1273 1201 1367 1282 φόβοιο
1388 1201 1435 1268 Cf.

260 1311 436 1390 praeterea
468 1307 596 1371 Heracl.
628 1307 707 1382 149,
746 1306 825 1385 500,
857 1307 936 1382 558,
965 1305 1044 1384 651,
1076 1305 1155 1383 715;
1188 1307 1255 1388 tph.
1286 1307 1326 1370 A.
1358 1307 1437 1387 311,

260 1413 348 1478 Med.
369 1412 448 1488 307,
470 1410 525 1474 Or.
549 1411 645 1485 1101,
670 1412 756 1474 1111.

305 1517 484 1580 Dubitandi
504 1538 528 1580 s.
550 1516 728 1580 haesitandi
748 1535 846 1579 sensu
867 1515 988 1579 dietum
1010 1519 1146 1598 apparet
1167 1515 1251 1581 Med.
1275 1515 1367 1582 1225:

425 1662 483 1722 οὐδ’
505 1664 542 1722 ἄν
562 1663 672 1737 τρέσας
694 1663 800 1736 είοιοιμι
820 1659 888 1730 τοὺς
908 1660 1013 1740 σοφοὺς
1032 1660 1152 1737 βρέτων

426 1850 548 1918 τούτους
569 1853 720 1925 μεγίστην
741 1853 852 1923 μωρίαν
872 1846 1063 1927 ὀφλισκάνειν.

305 1997 404 2076 Apud
425 1996 584 2060 Prummu
604 2014 669 2060 non
692 1995 807 2075 legitur
827 1996 890 2058 hoe
909 1994 1055 2058 verbum.

755 2240 949 2252 ..—--—-

534 2423 607 2494 DE
645 2422 867 2494 VERBIS
908 2422 1174 2497 VIDENDI.

308 2669 356 2731 De
387 2667 563 2730 verborum
595 2684 680 2747 quae
710 2664 790 2728 mihi
817 2665 989 2728 tractanda
1017 2665 1148 2730 suntin
1171 2665 1441 2746 hoceapiteusu

268 2773 358 2854 apud
386 2771 541 2834 Hourauu
571 2769 726 2850 singulari
758 2769 907 2832 acumine
940 2769 1006 2832 iam
1028 2769 1092 2850 egit
1114 2769 1170 2834 Vir
1191 2770 1395 2835 doctissimus
1415 2769 1442 2834 J.

267 2878 310 2941 Μ.
344 2876 514 2956 Hoogvliet
544 2875 577 2938 in
610 2874 837 2938 dissertatione
869 2873 920 2937 cui
948 2874 1060 2938 titulus
1086 2873 1218 2952 „Studia
1240 2875 1443 2940 Homerica”.

268 2982 361 3058 Quae
382 2981 434 3044 ille
455 2980 496 3043 de
515 2979 617 3043 verbo
638 2979 780 3055 δέρκομαι
800 2997 871 3060 pag.
896 2978 914 3041 7
936 2998 1004 3059 sqq.
1028 2978 1157 3044 disserit
1177 2979 1442 3061 summasagaei-

267 3089 337 3151 tate
358 3087 473 3149 notata
494 3087 593 3166 atque
615 3087 750 3147 exarata
770 3087 855 3146 sunt.
898 3084 1071 3158 Δέριιεσὲιαι
1093 3088 1203 3152 autem
1225 3086 1313 3165 apud
1334 3085 1443 3150 Hone-

268 3212 331 3256 Ruu
351 3209 480 3270 semper
501 3187 742 3253 intransitivum
764 3191 832 3266 est,
854 3189 941 3252 idem
963 3208 1001 3252 ac
1022 3190 1195 3254 atticorum
1211 3189 1353 3272 βλέπειν,
1375 3211 1401 3256 e.
1414 3210 1445 3272 g.

268 3296 299 3360 A
320 3295 376 3360 88:

433 3442 559 3518 ζώοντός
579 3441 613 3515 γ’
634 3437 742 3515 ἐμέθεν
765 3439 814 3501 καί
835 3437 882 3499 ἐστὶ
903 3439 993 3520 χθονί
1014 3439 1204 3516 δερκομένοιο.

312 3607 425 3686 Neque
457 3605 550 3668 aliter
568 3626 594 3664 τ
613 3603 682 3667 439.
725 3601 771 3667 Cf.
793 3603 965 3683 praeterea
986 3601 1013 3662 Γ
1034 3601 1113 3681 311,
1135 3603 1168 3661 Λ
1189 3601 1244 3682 37,
1266 3603 1289 3662 Ρ
1311 3599 1390 3682 675,
1412 3603 1443 3664 Χ

272 3713 331 3788 95,
353 3709 385 3769 Ψ
405 3711 484 3786 815,
506 3731 526 3767 τ
546 3709 616 3772 416.

314 3815 379 3878 Sed
409 3815 474 3878 iam
501 3812 626 3894 inipso
648 3811 791 3875 Home'ro
813 3813 889 3874 sunt
910 3813 1008 3875 notae
1030 3810 1112 3874 labis
1135 3814 1233 3892 atque
1258 3811 1446 3877 defectionis

273 3941 293 3984 a
314 3919 451 4002 pristina
471 3917 626 4000 loquendi
646 3917 806 3999 puritate,
829 3936 886 3996 eg.
908 3917 937 3980 N
958 3917 998 3980 86
1018 3935 1108 3998 squ:

433 4069 483 4126 καί
503 4083 568 4142 σφιν
588 4063 666 4141 ἄχος
687 4061 767 4124 κατὰ
787 4059 886 4138 Ξινμίν
906 4059 1044 4136 ἐγίγνετο
1065 4061 1262 4138 δερκομένοισι

434 4172 549 4244 Τρῶας,
573 4167 618 4227 σοί
639 4167 723 4244 μέγα
744 4176 845 4245 τεῖχος
864 4165 1116 4242 ὑπερκατέβησαν
1138 4167 1243 4245 ὁμίλῳ,

433 4273 502 4344 τοὺς
523 4273 551 4332 οἵ
567 4274 600 4347 μ’
623 4272 803 4347 είσορόιοντες
823 4272 873 4330 ὑπ’
896 4270 995 4351 ὀφρύσι
1016 4271 1128 4346 δάκρυα
1150 4271 1270 4346 ’λεῖβον,

274 4421 338 4486 nisi
359 4420 554 4498 δερκομένοισι
575 4421 704 4482 mutare
725 4417 861 4481 velimus
882 4416 916 4480 in
938 4416 1141 4502 ρεργομένοισι
1158 4417 1222 4500 (vel
1233 4417 1451 4503 [ελλομένοισβ
