3312 5250
833 513 852 577 6

256 693 333 760 Eur.
366 693 477 775 Suppl.
508 693 568 756 600
598 693 653 753 τίν’
684 691 774 753 αὐδὰν
805 693 895 753 τάνδε
927 692 1097 773 προσφέρεις
1118 691 1203 766 νέαν;
1227 690 1428 772 6611661616

258 799 394 866 denotat
414 819 439 863 s,
461 800 617 862 nuntium.
659 798 726 878 iph.
750 798 787 862 T.
809 799 868 862 976
889 801 1065 880 usurpatur
1087 799 1127 862 de
1148 798 1268 862 oraculi
1284 814 1430 878 responso

256 903 345 970 αὐδὴν
362 905 502 978 τρίποδος
523 901 556 966 ἓν
577 909 689 983 χρυσοῦ
710 904 818 967 λακὼν.
929 919 931 924 ·

295 1009 394 1090 Apud
414 1009 573 1074 P1NDARUM
592 1009 708 1088 legitur
729 1007 821 1072 Nem.
843 1008 886 1071 IX
908 1008 928 1072 4
949 1009 1056 1085 ματέρι
1074 1009 1122 1071 ναὶ
1133 1009 1263 1084 διδύμοις
1274 1007 1429 1067 παίδεσσιν

256 1113 347 1174 αὐδὰν
368 1113 469 1190 μανύει
491 1111 643 1190 (Boeckh.
665 1113 782 1188 ἀοιδάν,
805 1113 918 1178 Herm.
940 1113 1053 1194 αὐχαν,
1067 1114 1180 1194 Bergk.
1202 1112 1334 1192 αἴγλαν),
1358 1110 1428 1174 Dis-

257 1239 325 1284 sen.
358 1218 496 1299 explicat
528 1219 706 1300 „hymnum
730 1219 923 1283 ordiendum
946 1239 1016 1284 esse
1037 1219 1196 1300 significat
1216 1219 1250 1282 in
1270 1219 1428 1281 honorem

257 1323 405 1388 Latonae
426 1327 457 1388 et
478 1323 684 1389 liberorum.'’

295 1429 516 1494 Transeamus
539 1432 649 1495 autem
671 1430 713 1493 ad
733 1430 872 1493 verbum
892 1431 1023 1506 γέγονα.
1068 1431 1116 1495 De
1137 1449 1202 1511 quo
1223 1429 1324 1492 verbo
1336 1427 1427 1510 epico

255 1534 302 1598 iia
322 1533 433 1598 scribit
454 1533 616 1598 Nauckius
637 1535 777 1598 Praefat.
800 1533 915 1616 Odyss
940 1535 950 1597 1
971 1555 1002 1616 p.
1023 1535 1105 1598 Xiii:
1128 1534 1262 1599 Codices
1275 1537 1307 1598 et
1321 1535 1429 1613 giam-

199 1652 202 1662 '
254 1637 392 1703 muticos
414 1638 513 1721 siquis
534 1641 709 1719 sequatur,
731 1658 838 1720 neque
859 1639 998 1715 γεγωνέω
1015 1659 1170 1721 praesens
1191 1658 1297 1721 neque
1308 1637 1430 1713 γέγονα

256 1743 437 1825 perfectum
467 1743 681 1824 improbabit:
714 1743 801 1824 ipsos
827 1747 941 1825 poetas
960 1745 1017 1832 qui
1041 1743 1256 1824 consuluerit,
1278 1745 1427 1807 neutram

258 1848 398 1913 formam
429 1847 569 1929 probam
601 1869 672 1912 esse
703 1848 930 1930 intellegetet
961 1869 1063 1912 unum
1096 1847 1247 1913 admittte
1215 1865 1430 1928 epraesens

257 1953 411 2028 γεγὼνω.”
436 1953 553 2017 Procul
574 1953 673 2017 dubio
684 1957 770 2017 recte
782 1953 878 2034 igitur
888 1955 1098 2018 Nauckros
1062 1957 1270 2036 -tpraeeun
1272 1974 1289 2017 e
1258 1949 1430 2017 tediiore

258 2057 416 2122 Britanno
448 2058 561 2138 Payne
592 2058 712 2138 Knight
738 2094 773 2102 -
797 2059 897 2123 edidit
929 2058 1075 2135 ἑγέγωνον
1098 2079 1157 2141 pro
1180 2057 1341 2134 ἑγεγὼνεον
1361 2081 1370 2116 ι
1390 2058 1429 2120 17

260 2185 285 2239 μ
306 2163 366 2226 370
386 2186 404 2238 ρ
427 2163 481 2227 161
506 2160 728 2242 ο1ἒγέγωνε1ν)
749 2165 779 2224 X
801 2163 840 2226 31
860 2163 893 2222 Ψ
913 2164 973 2227 175
994 2183 1014 2245 ρ
1032 2166 1099 2228 368.
1123 2165 1298 2228 Praeterea
1309 2163 1431 2244 ubique

210 2347 214 2354 Ι
259 2286 319 2348 pro
348 2289 382 2326 τε
405 2267 519 2342 γέγωνε
541 2266 714 2346 legendum
736 2269 784 2330 est
805 2269 834 2326 τ’
856 2267 1003 2344 ἐγέγωνε,
1026 2289 1111 2350 quae
1131 2269 1238 2333 formu
1258 2268 1431 2333 referenda

258 2375 308 2438 est
331 2372 373 2436 ad
395 2372 552 2436 aoristum
574 2371 758 2450 gnomicum
775 2372 829 2452 qui
842 2372 966 2436 dicitur.
998 2373 1095 2437 Extat
1105 2377 1187 2455 part.
1199 2373 1278 2454 perf.
1290 2373 1431 2448 γεγωνώς
1464 2429 1467 2434 .

258 2478 293 2542 in
312 2496 410 2541 versu
431 2475 619 2540 formulario
641 2475 726 2543 ἧνσεν
746 2473 779 2536 δὲ
799 2476 968 2552 διαπρύσιον
990 2479 1133 2538 Δαναοῖσι
1151 2478 1309 2552 γεγωνώς,
1333 2477 1430 2539 Θ777

258 2584 333 2661 eto,
365 2582 482 2663 quibus
511 2581 588 2644 locis
609 2581 773 2645 Nauckius
795 2582 989 2646 adiectivum
1010 2586 1145 2659 γεγωνὸς
1166 2583 1339 2664 legendum
1361 2602 1431 2646 esse
1552 2643 1555 2649 .

260 2687 404 2752 coniecit.
446 2688 598 2751 Fortasse
618 2687 871 2769 praeferendum
893 2691 941 2753 est
961 2690 1166 2771 participium
1189 2689 1339 2764 γεγὼνων
1379 2678 1456 2750 Sic'

258 2792 316 2857 Ins
338 2803 479 2868 γεγωνεῖν
499 2793 615 2873 legitur
635 2796 669 2853 M
691 2793 789 2858 3370
791 2793 929 2858 tformu
951 2799 1008 2858 ant
1011 2795 1115 2876 iquior
1131 2793 1303 2893 γεγωνέμεν
1306 2792 1432 2855 ’(7773

259 2898 342 2962 Λ6
364 2897 434 2961 Vid.
458 2897 522 2960 Vir.
545 2897 590 2961 Cl.
613 2917 679 2962 van
699 2898 890 2962 Leeuwen
882 2918 947 2961 ιιιι
939 2899 1096 2962 Mnemos.
1119 2899 1206 2978 1883,
1227 2917 1299 2979 pag.
1321 2897 1390 2961 731.

300 3002 443 3066 Verbum
464 3003 526 3066 hoc
542 3000 629 3082 apud
641 3001 797 3067 Honorum
811 3005 859 3066 est
870 3003 1129 3079 intransitivum
1151 3003 1432 3083 significatsonom

258 3107 365 3184 edere,
397 3108 443 3170 ito
472 3090 514 3169 ut
538 3106 686 3170 croodiri
703 3109 803 3190 possit
818 3113 853 3185 1),
876 3110 908 3171 et
929 3127 1003 3171 cum
1023 3108 1095 3172 nat.
1118 3127 1202 3189 pers.
1225 3106 1432 3170 coniunctum

259 3213 379 3295 efficere
400 3219 436 3276 ut
455 3232 529 3276 sono
549 3211 629 3275 edito
650 3213 720 3294 quis
742 3212 779 3275 ab
801 3214 897 3276 oitcro
919 3213 1081 3276 audiatur.
1116 3211 1239 3275 Dicitur
1250 3213 1378 3274 tantum
1391 3211 1431 3275 de

259 3338 339 3383 voce
364 3319 520 3382 humana.
552 3315 781 3397 Compluribus
803 3317 879 3380 locis
901 3319 990 3382 extat
1011 3316 1130 3381 locutio
1152 3313 1241 3374 ἕσσον
1261 3317 1289 3374 τ’
1302 3313 1430 3390 ἕγέγωνε

260 3423 378 3498 βοήσας
399 3435 411 3484 ε’
433 3423 494 3486 400
515 3422 533 3498 ζ
555 3420 723 3485 731ι473
745 3443 770 3498 μ
793 3421 865 3500 181,
888 3425 1059 3501 praeterea
1081 3420 1206 3496 ’γέγωνέ
1227 3441 1262 3479 τε
1276 3429 1336 3480 πᾶν
1351 3418 1431 3484 κατὰ

260 3531 358 3615 ράοτο
390 3529 426 3590 Ω
457 3527 516 3591 703
545 3548 602 3610 per
633 3533 727 3590 totam
758 3527 865 3590 orbem
897 3529 962 3592 olio
982 3549 1049 3591 voce
1071 3528 1230 3606 claruerit,
1252 3527 1379 3606 οἰμώξας
1400 3523 1432 3586 δὲ

260 3642 354 3695 θεοῖσι
376 3634 449 3711 μέγ’
472 3633 647 3694 ἁθανάτοια
670 3629 817 3707 ἐγέγωνον
839 3656 863 3709 μ
885 3634 960 3710 37ος
983 3633 1029 3697 Cf.
1052 3632 1158 3696 (7777.
1180 3632 1253 3696 Uno
1264 3631 1429 3708 locoplssl

191 3811 194 3817 ,
257 3741 424 3806 insolitum
445 3759 577 3804 sensum
588 3739 696 3802 habet.
710 3738 869 3800 narrandi
889 3738 1148 3815 communicandi,
1170 3739 1259 3801 nulla
1270 3739 1432 3802 clamandi

261 3847 395 3912 notione
416 3845 561 3910 adiecta:
583 3844 759 3922 Τηλεμάχῳ
780 3839 949 3917 ἑγέγωνον,
975 3847 1008 3906 at
1030 3844 1120 3906 illum
1141 3843 1247 3906 locum
1269 3843 1347 3923 quin
1362 3844 1432 3907 iure

260 3952 439 4019 confoderit
458 3949 664 4015 Aristarchus
685 3947 820 4012 dubium
835 3951 971 4027 nonest,
994 3968 1066 4012 curn
1079 3949 1272 4028 praesertim
1285 3947 1431 4011 narratio

262 4085 276 4120 ο
297 4058 457 4124 ons-534
476 4056 551 4121 huic
573 4056 642 4119 loco
667 4053 831 4118 contrariu
852 4055 902 4116 sit.

264 4185 459 4196 ....-..-—-

297 4237 320 4304 ¹)
347 4235 391 4288 Sic
416 4235 487 4287 bene
504 4229 686 4302 praecipiebat
675 4227 884 4291 tAristarchus‚
904 4227 964 4280 Vid.
983 4226 1179 4280 Aristonicus
1172 4243 1200 4280 ιιι
1218 4226 1302 4280 schol
1322 4222 1431 4284 Θ773ι

261 4314 279 4380 ἡ
306 4315 397 4381 διπλῆ
418 4335 492 4389 προς
513 4310 548 4371 τὸ
570 4306 742 4385 γεγωνέμεν
762 4303 805 4363 ’ότι
827 4326 857 4362 oo
879 4309 965 4384 ψιλιος
987 4301 1051 4364 ἐστι
1072 4315 1169 4384 φωνεῖν
1190 4305 1261 4365 ἁλλ’
1285 4325 1431 4366 ανονστον

263 4396 470 4478 φθέγγεσθαι.

593 4892 1273 5246 rm
