<?xml version="1.0" encoding="UTF-8"?>
<!DOCTYPE html PUBLIC "-//W3C//DTD XHTML 1.0 Transitional//EN"
    "http://www.w3.org/TR/xhtml1/DTD/xhtml1-transitional.dtd">
<html xmlns="http://www.w3.org/1999/xhtml" xml:lang="en" lang="en">
 <head>
  <title>
</title>
<meta http-equiv="Content-Type" content="text/html;charset=utf-8" />
  <meta name='ocr-system' content='tesseract 3.04.00' />
  <meta name='ocr-capabilities' content='ocr_page ocr_carea ocr_par ocr_line ocrx_word'/>
</head>
<body>
  <div class='ocr_page' id='page_1' title='image "./studiatragicoho00kostgoog_0101.png"; bbox 0 0 3360 5250; ppageno 0'>
   <div class='ocr_carea' id='block_1_1' title="bbox 821 565 862 630">
    <p class='ocr_par' dir='ltr' id='par_1_1' title="bbox 821 565 862 630">
     <span class='ocr_line' id='line_1_1' title="bbox 821 565 862 630; baseline 0 0"><span class='ocrx_word' id='word_1_1' title='bbox 821 565 862 630; x_wconf 85' lang='grc'>84</span> 
     </span>
    </p>
   </div>
   <div class='ocr_carea' id='block_1_2' title="bbox 250 745 1436 1881">
    <p class='ocr_par' dir='ltr' id='par_1_2' title="bbox 255 745 1434 939">
     <span class='ocr_line' id='line_1_2' title="bbox 255 745 1434 833; baseline -0.006 -20"><span class='ocrx_word' id='word_1_2' title='bbox 255 752 381 828; x_wconf 76' lang='grc' dir='ltr'>τρέσητέ</span> <span class='ocrx_word' id='word_1_3' title='bbox 413 767 463 824; x_wconf 82' lang='grc' dir='ltr'>αν,</span> <span class='ocrx_word' id='word_1_4' title='bbox 494 769 554 833; x_wconf 93' lang='lat' dir='ltr'>pro</span> <span class='ocrx_word' id='word_1_5' title='bbox 584 746 661 810; x_wconf 76' lang='grc' dir='ltr'><em>αὐτὰ</em></span> <span class='ocrx_word' id='word_1_6' title='bbox 683 749 794 814; x_wconf 86' lang='lat' dir='ltr'>autem</span> <span class='ocrx_word' id='word_1_7' title='bbox 817 746 958 812; x_wconf 85' lang='lat' dir='ltr'>occurrit</span> <span class='ocrx_word' id='word_1_8' title='bbox 978 749 1088 815; x_wconf 89' lang='lat' dir='ltr'>Prom.</span> <span class='ocrx_word' id='word_1_9' title='bbox 1109 749 1168 815; x_wconf 87' lang='lat'>55:</span> <span class='ocrx_word' id='word_1_10' title='bbox 1189 747 1296 824; x_wconf 74' lang='grc' dir='ltr'><em>βαλών</em></span> <span class='ocrx_word' id='word_1_11' title='bbox 1320 769 1360 808; x_wconf 80' lang='grc' dir='ltr'>νιν</span> <span class='ocrx_word' id='word_1_12' title='bbox 1381 745 1434 823; x_wconf 77' lang='grc' dir='ltr'>(τὰ</span> 
     </span>
     <span class='ocr_line' id='line_1_3' title="bbox 257 856 582 939; baseline -0.015 -21"><span class='ocrx_word' id='word_1_13' title='bbox 257 859 351 939; x_wconf 81' lang='grc' dir='ltr'><em>ψέλια)</em></span> <span class='ocrx_word' id='word_1_14' title='bbox 372 856 447 937; x_wconf 79' lang='grc' dir='ltr'>ἀμφὶ</span> <span class='ocrx_word' id='word_1_15' title='bbox 468 858 582 936; x_wconf 84' lang='grc' dir='ltr'><em>χερσίν.</em></span> 
     </span>
    </p>

    <p class='ocr_par' dir='ltr' id='par_1_3' title="bbox 250 956 1432 1252">
     <span class='ocr_line' id='line_1_4' title="bbox 299 956 1432 1048; baseline -0.004 -22"><span class='ocrx_word' id='word_1_16' title='bbox 299 964 336 1026; x_wconf 90' lang='lat' dir='ltr'>ln</span> <span class='ocrx_word' id='word_1_17' title='bbox 364 963 508 1048; x_wconf 72' lang='lat' dir='ltr'>Euentus</span> <span class='ocrx_word' id='word_1_18' title='bbox 539 959 698 1024; x_wconf 90' lang='lat' dir='ltr'>habemus</span> <span class='ocrx_word' id='word_1_19' title='bbox 730 980 769 1015; x_wconf 86' lang='grc' dir='ltr'>νιν</span> <span class='ocrx_word' id='word_1_20' title='bbox 801 957 821 1021; x_wconf 92' lang='lat' dir='ltr'>i.</span> <span class='ocrx_word' id='word_1_21' title='bbox 844 977 874 1039; x_wconf 87' lang='lat' dir='ltr'>q.</span> <span class='ocrx_word' id='word_1_22' title='bbox 896 956 1014 1033; x_wconf 74' lang='grc' dir='ltr'><em>αὐτούς,</em></span> <span class='ocrx_word' id='word_1_23' title='bbox 1037 957 1370 1024; x_wconf 70' lang='lat' dir='ltr'>Her15412aavre</span> <span class='ocrx_word' id='word_1_24' title='bbox 1392 980 1432 1016; x_wconf 80' lang='grc' dir='ltr'>νιν</span> 
     </span>
     <span class='ocr_line' id='line_1_5' title="bbox 250 1061 1430 1146; baseline -0.002 -19"><span class='ocrx_word' id='word_1_25' title='bbox 250 1067 407 1143; x_wconf 75' lang='grc' dir='ltr'><em>ταρὸντας</em></span> <span class='ocrx_word' id='word_1_26' title='bbox 438 1064 566 1141; x_wconf 85' lang='grc' dir='ltr'><em>Ἀτρέως</em></span> <span class='ocrx_word' id='word_1_27' title='bbox 597 1064 697 1139; x_wconf 70' lang='grc' dir='ltr'><em>γόνος,</em></span> <span class='ocrx_word' id='word_1_28' title='bbox 732 1061 781 1126; x_wconf 85' lang='lat' dir='ltr'>Cf.</span> <span class='ocrx_word' id='word_1_29' title='bbox 813 1061 909 1126; x_wconf 79' lang='lat' dir='ltr'>Here.</span> <span class='ocrx_word' id='word_1_30' title='bbox 930 1063 951 1126; x_wconf 89' lang='lat' dir='ltr'>f.</span> <span class='ocrx_word' id='word_1_31' title='bbox 976 1064 1073 1144; x_wconf 61' lang='lat'>1182,</span> <span class='ocrx_word' id='word_1_32' title='bbox 1095 1064 1164 1146; x_wconf 90' lang='lat' dir='ltr'>lph.</span> <span class='ocrx_word' id='word_1_33' title='bbox 1186 1063 1224 1129; x_wconf 89' lang='lat' dir='ltr'>T.</span> <span class='ocrx_word' id='word_1_34' title='bbox 1246 1065 1325 1144; x_wconf 53' lang='grc'><strong>156,</strong></span> <span class='ocrx_word' id='word_1_35' title='bbox 1348 1063 1430 1144; x_wconf 85' lang='lat'>330,</span> 
     </span>
     <span class='ocr_line' id='line_1_6' title="bbox 259 1166 1174 1252; baseline -0.007 -16"><span class='ocrx_word' id='word_1_36' title='bbox 259 1173 338 1252; x_wconf 75' lang='lat'>334,</span> <span class='ocrx_word' id='word_1_37' title='bbox 361 1171 457 1248; x_wconf 85' lang='lat' dir='ltr'>119t;</span> <span class='ocrx_word' id='word_1_38' title='bbox 478 1170 603 1235; x_wconf 89' lang='lat' dir='ltr'>Phoen.</span> <span class='ocrx_word' id='word_1_39' title='bbox 626 1167 725 1247; x_wconf 82' lang='lat'><strong>1168,</strong></span> <span class='ocrx_word' id='word_1_40' title='bbox 747 1166 860 1248; x_wconf 90' lang='lat' dir='ltr'>Suppl.</span> <span class='ocrx_word' id='word_1_41' title='bbox 882 1167 961 1247; x_wconf 85' lang='lat'>758,</span> <span class='ocrx_word' id='word_1_42' title='bbox 983 1169 1063 1247; x_wconf 69' lang='lat'>762,</span> <span class='ocrx_word' id='word_1_43' title='bbox 1087 1169 1174 1234; x_wconf 75' lang='lat'><strong>1140.</strong></span> 
     </span>
    </p>

    <p class='ocr_par' dir='ltr' id='par_1_4' title="bbox 257 1263 1434 1668">
     <span class='ocr_line' id='line_1_7' title="bbox 297 1263 1432 1356; baseline -0.008 -14"><span class='ocrx_word' id='word_1_44' title='bbox 297 1277 362 1342; x_wconf 88' lang='lat' dir='ltr'>Pro</span> <span class='ocrx_word' id='word_1_45' title='bbox 372 1273 466 1345; x_wconf 75' lang='grc' dir='ltr'><em>αὑτάς</em></span> <span class='ocrx_word' id='word_1_46' title='bbox 477 1274 608 1356; x_wconf 87' lang='lat' dir='ltr'>ponitur</span> <span class='ocrx_word' id='word_1_47' title='bbox 619 1273 734 1337; x_wconf 82' lang='lat' dir='ltr'>Bacch.</span> <span class='ocrx_word' id='word_1_48' title='bbox 745 1272 805 1336; x_wconf 88' lang='grc'>979</span> <span class='ocrx_word' id='word_1_49' title='bbox 816 1293 823 1336; x_wconf 91' lang='lat'><strong>:</strong></span> <span class='ocrx_word' id='word_1_50' title='bbox 845 1272 888 1332; x_wconf 82' lang='grc' dir='ltr'>ἴτε</span> <span class='ocrx_word' id='word_1_51' title='bbox 899 1271 968 1334; x_wconf 61' lang='grc' dir='ltr'>θεαὶ</span> <span class='ocrx_word' id='word_1_52' title='bbox 980 1273 1107 1346; x_wconf 69' lang='grc' dir='ltr'><em>Λύττας</em></span> <span class='ocrx_word' id='word_1_53' title='bbox 1119 1275 1202 1346; x_wconf 78' lang='grc' dir='ltr'><em>κύνες</em></span> <span class='ocrx_word' id='word_1_54' title='bbox 1213 1263 1432 1350; x_wconf 68' lang='grc' dir='ltr'><em>ἀνοιστρήσατέ</em></span> 
     </span>
     <span class='ocr_line' id='line_1_8' title="bbox 257 1376 902 1461; baseline 0.003 -21"><span class='ocrx_word' id='word_1_55' title='bbox 257 1403 308 1457; x_wconf 80' lang='grc' dir='ltr'>νιν,</span> <span class='ocrx_word' id='word_1_56' title='bbox 331 1381 399 1446; x_wconf 88' lang='lat' dir='ltr'>scil.</span> <span class='ocrx_word' id='word_1_57' title='bbox 422 1380 545 1461; x_wconf 88' lang='lat' dir='ltr'>puellas</span> <span class='ocrx_word' id='word_1_58' title='bbox 564 1376 741 1443; x_wconf 80' lang='lat' dir='ltr'>Thebanos</span> <span class='ocrx_word' id='word_1_59' title='bbox 764 1376 812 1442; x_wconf 78' lang='lat' dir='ltr'>uf.</span> <span class='ocrx_word' id='word_1_60' title='bbox 834 1377 902 1442; x_wconf 84' lang='lat'><strong>813.</strong></span> 
     </span>
     <span class='ocr_line' id='line_1_9' title="bbox 261 1481 1434 1566; baseline -0.007 -18"><span class='ocrx_word' id='word_1_61' title='bbox 261 1481 269 1488; x_wconf 54' lang='grc'><strong>’</strong></span> <span class='ocrx_word' id='word_1_62' title='bbox 299 1487 395 1548; x_wconf 71' lang='lat' dir='ltr'>&#39;Auru</span> <span class='ocrx_word' id='word_1_63' title='bbox 415 1484 575 1566; x_wconf 76' lang='lat' dir='ltr'>significat</span> <span class='ocrx_word' id='word_1_64' title='bbox 595 1483 679 1547; x_wconf 84' lang='lat' dir='ltr'>Med.</span> <span class='ocrx_word' id='word_1_65' title='bbox 703 1482 799 1546; x_wconf 60' lang='lat'><strong>1312:</strong></span> <span class='ocrx_word' id='word_1_66' title='bbox 822 1489 878 1542; x_wconf 77' lang='grc' dir='ltr'>τοῦ</span> <span class='ocrx_word' id='word_1_67' title='bbox 898 1485 960 1560; x_wconf 73' lang='grc' dir='ltr'>γάρ</span> <span class='ocrx_word' id='word_1_68' title='bbox 982 1506 1021 1542; x_wconf 79' lang='grc' dir='ltr'>νιν</span> <span class='ocrx_word' id='word_1_69' title='bbox 1042 1482 1156 1560; x_wconf 73' lang='grc' dir='ltr'><em>ἔκτειν’,</em></span> <span class='ocrx_word' id='word_1_70' title='bbox 1180 1482 1262 1555; x_wconf 80' lang='grc' dir='ltr'><em>ἐντὸς</em></span> <span class='ocrx_word' id='word_1_71' title='bbox 1283 1481 1300 1555; x_wconf 70' lang='grc' dir='ltr'>ἢ</span> <span class='ocrx_word' id='word_1_72' title='bbox 1323 1481 1434 1563; x_wconf 60' lang='grc' dir='ltr'><em>’ἔξωθεν</em></span> 
     </span>
     <span class='ocr_line' id='line_1_10' title="bbox 257 1586 1033 1668; baseline 0.003 -17"><span class='ocrx_word' id='word_1_73' title='bbox 257 1591 376 1668; x_wconf 56' lang='lat' dir='ltr'>tipum</span> <span class='ocrx_word' id='word_1_74' title='bbox 400 1589 455 1654; x_wconf 91' lang='lat' dir='ltr'>uhi</span> <span class='ocrx_word' id='word_1_75' title='bbox 475 1588 662 1653; x_wconf 89' lang='lat' dir='ltr'>indicantur</span> <span class='ocrx_word' id='word_1_76' title='bbox 688 1587 753 1650; x_wconf 92' lang='lat' dir='ltr'>duo</span> <span class='ocrx_word' id='word_1_77' title='bbox 777 1586 912 1652; x_wconf 83' lang='lat' dir='ltr'>Medeae</span> <span class='ocrx_word' id='word_1_78' title='bbox 931 1588 1033 1654; x_wconf 87' lang='lat' dir='ltr'>liberi.</span> 
     </span>
    </p>

    <p class='ocr_par' dir='ltr' id='par_1_5' title="bbox 260 1691 1436 1881">
     <span class='ocr_line' id='line_1_11' title="bbox 302 1691 1430 1776; baseline -0.006 -16"><span class='ocrx_word' id='word_1_79' title='bbox 302 1696 410 1762; x_wconf 87' lang='lat' dir='ltr'>Semel</span> <span class='ocrx_word' id='word_1_80' title='bbox 439 1694 474 1758; x_wconf 92' lang='lat' dir='ltr'>in</span> <span class='ocrx_word' id='word_1_81' title='bbox 503 1693 632 1758; x_wconf 83' lang='lat' dir='ltr'>Pmmm</span> <span class='ocrx_word' id='word_1_82' title='bbox 662 1691 851 1773; x_wconf 83' lang='lat' dir='ltr'>fragmentis</span> <span class='ocrx_word' id='word_1_83' title='bbox 884 1693 1000 1774; x_wconf 83' lang='lat' dir='ltr'>legitur</span> <span class='ocrx_word' id='word_1_84' title='bbox 1027 1715 1067 1754; x_wconf 84' lang='grc' dir='ltr'>νιν</span> <span class='ocrx_word' id='word_1_85' title='bbox 1094 1714 1154 1776; x_wconf 92' lang='lat' dir='ltr'>pro</span> <span class='ocrx_word' id='word_1_86' title='bbox 1174 1694 1291 1776; x_wconf 85' lang='lat' dir='ltr'>plurali</span> <span class='ocrx_word' id='word_1_87' title='bbox 1312 1693 1430 1768; x_wconf 73' lang='grc' dir='ltr'><em>αὐτούς,</em></span> 
     </span>
     <span class='ocr_line' id='line_1_12' title="bbox 260 1796 1436 1881; baseline -0.009 -14"><span class='ocrx_word' id='word_1_88' title='bbox 260 1802 326 1868; x_wconf 89' lang='lat' dir='ltr'>scil.</span> <span class='ocrx_word' id='word_1_89' title='bbox 346 1801 385 1865; x_wconf 87' lang='lat' dir='ltr'>fr.</span> <span class='ocrx_word' id='word_1_90' title='bbox 406 1800 425 1864; x_wconf 83' lang='lat'>7</span> <span class='ocrx_word' id='word_1_91' title='bbox 446 1799 487 1874; x_wconf 67' lang='lat' dir='ltr'>tl)</span> <span class='ocrx_word' id='word_1_92' title='bbox 508 1797 598 1881; x_wconf 93' lang='lat' dir='ltr'>apud</span> <span class='ocrx_word' id='word_1_93' title='bbox 617 1796 828 1880; x_wconf 85' lang='lat' dir='ltr'>Apollonium</span> <span class='ocrx_word' id='word_1_94' title='bbox 850 1797 1024 1879; x_wconf 90' lang='lat' dir='ltr'>Dyscolum</span> <span class='ocrx_word' id='word_1_95' title='bbox 1045 1799 1086 1864; x_wconf 90' lang='lat' dir='ltr'>de</span> <span class='ocrx_word' id='word_1_96' title='bbox 1097 1799 1195 1863; x_wconf 90' lang='lat' dir='ltr'>Pron.</span> <span class='ocrx_word' id='word_1_97' title='bbox 1205 1819 1236 1880; x_wconf 93' lang='lat' dir='ltr'>p.</span> <span class='ocrx_word' id='word_1_98' title='bbox 1249 1797 1370 1863; x_wconf 84' lang='lat' dir='ltr'><strong>368A:</strong></span> <span class='ocrx_word' id='word_1_99' title='bbox 1392 1797 1436 1860; x_wconf 82' lang='grc' dir='ltr'>ἔτι</span> 
     </span>
    </p>
   </div>
   <div class='ocr_carea' id='block_1_3' title="bbox 260 1897 1344 1984">
    <p class='ocr_par' dir='ltr' id='par_1_6' title="bbox 260 1897 1344 1984">
     <span class='ocr_line' id='line_1_13' title="bbox 260 1897 1344 1984; baseline -0.002 -18"><span class='ocrx_word' id='word_1_100' title='bbox 260 1907 309 1971; x_wconf 70' lang='grc' dir='ltr'>καὶ</span> <span class='ocrx_word' id='word_1_101' title='bbox 328 1907 346 1973; x_wconf 83' lang='grc' dir='ltr'>ἡ</span> <span class='ocrx_word' id='word_1_102' title='bbox 367 1905 407 1964; x_wconf 80' lang='grc' dir='ltr'>νὶν</span> <span class='ocrx_word' id='word_1_103' title='bbox 427 1905 576 1964; x_wconf 81' lang='grc' dir='ltr'><em>τάσσεται</em></span> <span class='ocrx_word' id='word_1_104' title='bbox 596 1900 643 1964; x_wconf 83' lang='grc' dir='ltr'>έτὶ</span> <span class='ocrx_word' id='word_1_105' title='bbox 664 1903 811 1971; x_wconf 60' lang='grc' dir='ltr'>πλήθους.</span> <span class='ocrx_word' id='word_1_106' title='bbox 833 1897 916 1973; x_wconf 74' lang='grc' dir='ltr'><em>ὅστις</em></span> <span class='ocrx_word' id='word_1_107' title='bbox 936 1901 972 1969; x_wconf 74' lang='grc' dir='ltr'>δὴ</span> <span class='ocrx_word' id='word_1_108' title='bbox 992 1903 1105 1980; x_wconf 71' lang='grc' dir='ltr'><em>τρόπος</em></span> <span class='ocrx_word' id='word_1_109' title='bbox 1125 1900 1276 1984; x_wconf 76' lang='grc' dir='ltr'><em>ἓξεκὺλισέ</em></span> <span class='ocrx_word' id='word_1_110' title='bbox 1297 1925 1344 1964; x_wconf 86' lang='grc' dir='ltr'><em>νιν.</em></span> 
     </span>
    </p>
   </div>
   <div class='ocr_carea' id='block_1_4' title="bbox 261 2212 1437 2622">
    <p class='ocr_par' dir='ltr' id='par_1_7' title="bbox 261 2212 1437 2622">
     <span class='ocr_line' id='line_1_14' title="bbox 303 2212 1437 2298; baseline -0.004 -16"><span class='ocrx_word' id='word_1_111' title='bbox 303 2216 511 2298; x_wconf 84' lang='lat' dir='ltr'><strong>Quamquam</strong></span> <span class='ocrx_word' id='word_1_112' title='bbox 531 2213 687 2296; x_wconf 85' lang='lat' dir='ltr'>pleraque</span> <span class='ocrx_word' id='word_1_113' title='bbox 707 2212 773 2277; x_wconf 90' lang='lat' dir='ltr'>iam</span> <span class='ocrx_word' id='word_1_114' title='bbox 793 2213 953 2278; x_wconf 88' lang='lat' dir='ltr'>voeabula</span> <span class='ocrx_word' id='word_1_115' title='bbox 972 2212 1110 2278; x_wconf 75' lang='lat' dir='ltr'>tractavi</span> <span class='ocrx_word' id='word_1_116' title='bbox 1132 2231 1217 2295; x_wconf 88' lang='lat' dir='ltr'>quae</span> <span class='ocrx_word' id='word_1_117' title='bbox 1234 2215 1352 2294; x_wconf 87' lang='lat' dir='ltr'>poetae</span> <span class='ocrx_word' id='word_1_118' title='bbox 1368 2213 1437 2278; x_wconf 88' lang='lat' dir='ltr'>tra·</span> 
     </span>
     <span class='ocr_line' id='line_1_15' title="bbox 263 2316 1436 2405; baseline -0.003 -19"><span class='ocrx_word' id='word_1_119' title='bbox 263 2322 323 2405; x_wconf 81' lang='lat' dir='ltr'>gici</span> <span class='ocrx_word' id='word_1_120' title='bbox 344 2323 376 2386; x_wconf 92' lang='lat' dir='ltr'>et</span> <span class='ocrx_word' id='word_1_121' title='bbox 396 2319 558 2384; x_wconf 84' lang='lat' dir='ltr'>Pindarus</span> <span class='ocrx_word' id='word_1_122' title='bbox 579 2337 619 2383; x_wconf 88' lang='lat' dir='ltr'>ex</span> <span class='ocrx_word' id='word_1_123' title='bbox 629 2316 774 2382; x_wconf 91' lang='lat' dir='ltr'>Homero</span> <span class='ocrx_word' id='word_1_124' title='bbox 784 2318 1045 2400; x_wconf 89' lang='lat' dir='ltr'>desumpserunt,</span> <span class='ocrx_word' id='word_1_125' title='bbox 1069 2317 1141 2398; x_wconf 91' lang='lat' dir='ltr'>plus</span> <span class='ocrx_word' id='word_1_126' title='bbox 1152 2320 1265 2382; x_wconf 87' lang='lat' dir='ltr'>tamen</span> <span class='ocrx_word' id='word_1_127' title='bbox 1276 2317 1436 2382; x_wconf 85' lang='lat' dir='ltr'>exhausto</span> 
     </span>
     <span class='ocr_line' id='line_1_16' title="bbox 261 2421 1436 2510; baseline -0.006 -17"><span class='ocrx_word' id='word_1_128' title='bbox 261 2445 432 2510; x_wconf 87' lang='lat' dir='ltr'>superesse</span> <span class='ocrx_word' id='word_1_129' title='bbox 462 2423 565 2506; x_wconf 89' lang='lat' dir='ltr'>probe</span> <span class='ocrx_word' id='word_1_130' title='bbox 586 2422 672 2503; x_wconf 84' lang='lat' dir='ltr'>scio,</span> <span class='ocrx_word' id='word_1_131' title='bbox 695 2442 775 2487; x_wconf 90' lang='lat' dir='ltr'>nam</span> <span class='ocrx_word' id='word_1_132' title='bbox 798 2424 900 2486; x_wconf 91' lang='lat' dir='ltr'>multo</span> <span class='ocrx_word' id='word_1_133' title='bbox 921 2422 1074 2488; x_wconf 86' lang='lat' dir='ltr'>interiore</span> <span class='ocrx_word' id='word_1_134' title='bbox 1095 2421 1316 2488; x_wconf 84' lang='lat' dir='ltr'>familiaritate</span> <span class='ocrx_word' id='word_1_135' title='bbox 1335 2440 1436 2504; x_wconf 89' lang='lat' dir='ltr'>quam</span> 
     </span>
     <span class='ocr_line' id='line_1_17' title="bbox 263 2525 1436 2622; baseline -0.007 -24"><span class='ocrx_word' id='word_1_136' title='bbox 263 2533 343 2598; x_wconf 92' lang='lat' dir='ltr'>mihi</span> <span class='ocrx_word' id='word_1_137' title='bbox 363 2530 461 2596; x_wconf 88' lang='lat' dir='ltr'>tironi</span> <span class='ocrx_word' id='word_1_138' title='bbox 483 2528 616 2610; x_wconf 84' lang='lat' dir='ltr'>contigit</span> <span class='ocrx_word' id='word_1_139' title='bbox 637 2547 711 2592; x_wconf 93' lang='lat' dir='ltr'>cum</span> <span class='ocrx_word' id='word_1_140' title='bbox 732 2527 855 2610; x_wconf 83' lang='lat' dir='ltr'>graecis</span> <span class='ocrx_word' id='word_1_141' title='bbox 876 2528 981 2611; x_wconf 87' lang='lat' dir='ltr'>poetis</span> <span class='ocrx_word' id='word_1_142' title='bbox 1003 2547 1214 2592; x_wconf 84' lang='lat' dir='ltr'>consuescere</span> <span class='ocrx_word' id='word_1_143' title='bbox 1238 2526 1369 2622; x_wconf 85' lang='lat' dir='ltr'>debebit</span> <span class='ocrx_word' id='word_1_144' title='bbox 1380 2525 1436 2608; x_wconf 92' lang='lat' dir='ltr'>qui</span> 
     </span>
    </p>
   </div>
   <div class='ocr_carea' id='block_1_5' title="bbox 263 2633 1450 3459">
    <p class='ocr_par' dir='ltr' id='par_1_8' title="bbox 263 2633 1450 3459">
     <span class='ocr_line' id='line_1_18' title="bbox 264 2633 1437 2719; baseline -0.007 -15"><span class='ocrx_word' id='word_1_145' title='bbox 264 2641 380 2704; x_wconf 86' lang='lat' dir='ltr'>cuncta</span> <span class='ocrx_word' id='word_1_146' title='bbox 411 2655 497 2719; x_wconf 84' lang='lat' dir='ltr'>quae</span> <span class='ocrx_word' id='word_1_147' title='bbox 527 2635 591 2700; x_wconf 89' lang='lat' dir='ltr'>huo</span> <span class='ocrx_word' id='word_1_148' title='bbox 621 2633 785 2716; x_wconf 84' lang='lat' dir='ltr'>pertinent</span> <span class='ocrx_word' id='word_1_149' title='bbox 816 2635 858 2698; x_wconf 92' lang='lat' dir='ltr'>sit</span> <span class='ocrx_word' id='word_1_150' title='bbox 889 2635 1098 2714; x_wconf 81' lang='lat' dir='ltr'>collecturus,</span> <span class='ocrx_word' id='word_1_151' title='bbox 1134 2633 1328 2712; x_wconf 68' lang='lat' dir='ltr'>collatum,</span> <span class='ocrx_word' id='word_1_152' title='bbox 1361 2634 1437 2714; x_wconf 90' lang='lat' dir='ltr'>apte</span> 
     </span>
     <span class='ocr_line' id='line_1_19' title="bbox 264 2735 1436 2826; baseline -0.005 -18"><span class='ocrx_word' id='word_1_153' title='bbox 264 2743 497 2826; x_wconf 84' lang='lat' dir='ltr'>dispositurus,</span> <span class='ocrx_word' id='word_1_154' title='bbox 529 2759 587 2805; x_wconf 91' lang='lat' dir='ltr'>suo</span> <span class='ocrx_word' id='word_1_155' title='bbox 618 2757 768 2821; x_wconf 87' lang='lat' dir='ltr'>quaeque</span> <span class='ocrx_word' id='word_1_156' title='bbox 801 2739 905 2818; x_wconf 88' lang='lat' dir='ltr'>pretio</span> <span class='ocrx_word' id='word_1_157' title='bbox 938 2738 1177 2804; x_wconf 88' lang='lat' dir='ltr'>aestimaturus.</span> <span class='ocrx_word' id='word_1_158' title='bbox 1229 2735 1436 2820; x_wconf 88' lang='lat' dir='ltr'>Quapropter</span> 
     </span>
     <span class='ocr_line' id='line_1_20' title="bbox 265 2842 1438 2930; baseline -0.007 -16"><span class='ocrx_word' id='word_1_159' title='bbox 265 2849 472 2930; x_wconf 88' lang='lat' dir='ltr'>despondens</span> <span class='ocrx_word' id='word_1_160' title='bbox 492 2846 560 2911; x_wconf 92' lang='lat' dir='ltr'>fere</span> <span class='ocrx_word' id='word_1_161' title='bbox 582 2843 682 2908; x_wconf 90' lang='lat' dir='ltr'>animi</span> <span class='ocrx_word' id='word_1_162' title='bbox 704 2863 721 2908; x_wconf 92' lang='lat' dir='ltr'>e</span> <span class='ocrx_word' id='word_1_163' title='bbox 742 2842 895 2908; x_wconf 91' lang='lat' dir='ltr'>manibus</span> <span class='ocrx_word' id='word_1_164' title='bbox 912 2842 1039 2907; x_wconf 87' lang='lat' dir='ltr'>dimitto</span> <span class='ocrx_word' id='word_1_165' title='bbox 1050 2842 1211 2920; x_wconf 87' lang='lat' dir='ltr'>libellum;</span> <span class='ocrx_word' id='word_1_166' title='bbox 1230 2845 1377 2908; x_wconf 86' lang='lat' dir='ltr'>attamen</span> <span class='ocrx_word' id='word_1_167' title='bbox 1389 2846 1438 2908; x_wconf 88' lang='lat' dir='ltr'>est</span> 
     </span>
     <span class='ocr_line' id='line_1_21' title="bbox 266 2932 1450 3036; baseline -0.006 -17"><span class='ocrx_word' id='word_1_168' title='bbox 266 2954 410 3036; x_wconf 89' lang='lat' dir='ltr'>quadam</span> <span class='ocrx_word' id='word_1_169' title='bbox 442 2955 538 3016; x_wconf 91' lang='lat' dir='ltr'>tenus</span> <span class='ocrx_word' id='word_1_170' title='bbox 568 2950 700 3032; x_wconf 91' lang='lat' dir='ltr'>prodire</span> <span class='ocrx_word' id='word_1_171' title='bbox 727 2950 753 3013; x_wconf 91' lang='lat' dir='ltr'>si</span> <span class='ocrx_word' id='word_1_172' title='bbox 775 2967 843 3014; x_wconf 94' lang='lat' dir='ltr'>non</span> <span class='ocrx_word' id='word_1_173' title='bbox 864 2949 961 3014; x_wconf 90' lang='lat' dir='ltr'>datur</span> <span class='ocrx_word' id='word_1_174' title='bbox 981 2949 1086 3028; x_wconf 89' lang='lat' dir='ltr'>ultra,</span> <span class='ocrx_word' id='word_1_175' title='bbox 1119 2949 1152 3012; x_wconf 89' lang='lat' dir='ltr'>et</span> <span class='ocrx_word' id='word_1_176' title='bbox 1172 2948 1298 3030; x_wconf 89' lang='lat' dir='ltr'>aliquos</span> <span class='ocrx_word' id='word_1_177' title='bbox 1319 2932 1450 3014; x_wconf 38' lang='lat' dir='ltr'>saltem*</span> 
     </span>
     <span class='ocr_line' id='line_1_22' title="bbox 263 3053 1435 3136; baseline -0.006 -10"><span class='ocrx_word' id='word_1_178' title='bbox 263 3061 387 3126; x_wconf 87' lang='lat' dir='ltr'>fructus</span> <span class='ocrx_word' id='word_1_179' title='bbox 408 3078 448 3124; x_wconf 90' lang='lat' dir='ltr'>ex</span> <span class='ocrx_word' id='word_1_180' title='bbox 467 3058 530 3122; x_wconf 86' lang='lat' dir='ltr'>hoe</span> <span class='ocrx_word' id='word_1_181' title='bbox 549 3055 657 3120; x_wconf 89' lang='lat' dir='ltr'>studio</span> <span class='ocrx_word' id='word_1_182' title='bbox 677 3057 888 3136; x_wconf 87' lang='lat' dir='ltr'>pereepturos</span> <span class='ocrx_word' id='word_1_183' title='bbox 910 3073 981 3119; x_wconf 88' lang='lat' dir='ltr'>esse</span> <span class='ocrx_word' id='word_1_184' title='bbox 1001 3054 1098 3133; x_wconf 74' lang='lat' dir='ltr'>alim,</span> <span class='ocrx_word' id='word_1_185' title='bbox 1120 3073 1253 3136; x_wconf 91' lang='lat' dir='ltr'>sperare</span> <span class='ocrx_word' id='word_1_186' title='bbox 1263 3053 1344 3118; x_wconf 90' lang='lat' dir='ltr'>mihi</span> <span class='ocrx_word' id='word_1_187' title='bbox 1358 3072 1435 3119; x_wconf 87' lang='lat' dir='ltr'>oon-</span> 
     </span>
     <span class='ocr_line' id='line_1_23' title="bbox 264 3158 1435 3242; baseline -0.005 -12"><span class='ocrx_word' id='word_1_188' title='bbox 264 3185 390 3231; x_wconf 90' lang='lat' dir='ltr'>cessum</span> <span class='ocrx_word' id='word_1_189' title='bbox 412 3164 514 3239; x_wconf 89' lang='lat' dir='ltr'>duco;</span> <span class='ocrx_word' id='word_1_190' title='bbox 535 3161 585 3224; x_wconf 90' lang='lat' dir='ltr'>sin</span> <span class='ocrx_word' id='word_1_191' title='bbox 605 3159 722 3239; x_wconf 67' lang='lat' dir='ltr'>minus</span> <span class='ocrx_word' id='word_1_192' title='bbox 743 3159 850 3241; x_wconf 91' lang='lat' dir='ltr'>ipsum</span> <span class='ocrx_word' id='word_1_193' title='bbox 869 3179 923 3224; x_wconf 90' lang='lat' dir='ltr'>me</span> <span class='ocrx_word' id='word_1_194' title='bbox 942 3158 1032 3224; x_wconf 91' lang='lat' dir='ltr'>haud</span> <span class='ocrx_word' id='word_1_195' title='bbox 1042 3158 1250 3224; x_wconf 89' lang='lat' dir='ltr'>mediocriter</span> <span class='ocrx_word' id='word_1_196' title='bbox 1260 3158 1435 3242; x_wconf 85' lang='lat' dir='ltr'>profecisse</span> 
     </span>
     <span class='ocr_line' id='line_1_24' title="bbox 264 3264 1434 3352; baseline -0.006 -15"><span class='ocrx_word' id='word_1_197' title='bbox 264 3270 342 3336; x_wconf 91' lang='lat' dir='ltr'>dum</span> <span class='ocrx_word' id='word_1_198' title='bbox 363 3269 414 3336; x_wconf 90' lang='lat' dir='ltr'>his</span> <span class='ocrx_word' id='word_1_199' title='bbox 433 3266 583 3352; x_wconf 90' lang='lat' dir='ltr'>primitiis</span> <span class='ocrx_word' id='word_1_200' title='bbox 604 3264 768 3331; x_wconf 88' lang='lat' dir='ltr'>litterariis</span> <span class='ocrx_word' id='word_1_201' title='bbox 785 3265 1027 3331; x_wconf 82' lang='lat' dir='ltr'>conscribendis</span> <span class='ocrx_word' id='word_1_202' title='bbox 1038 3264 1289 3348; x_wconf 87' lang='lat' dir='ltr'>incumbebam,</span> <span class='ocrx_word' id='word_1_203' title='bbox 1311 3265 1345 3330; x_wconf 88' lang='lat' dir='ltr'>id</span> <span class='ocrx_word' id='word_1_204' title='bbox 1357 3283 1434 3331; x_wconf 89' lang='lat' dir='ltr'>con·</span> 
     </span>
     <span class='ocr_line' id='line_1_25' title="bbox 264 3371 680 3459; baseline -0.017 -14"><span class='ocrx_word' id='word_1_205' title='bbox 264 3377 351 3459; x_wconf 85' lang='lat' dir='ltr'>fido,</span> <span class='ocrx_word' id='word_1_206' title='bbox 373 3377 473 3442; x_wconf 87' lang='lat' dir='ltr'>immo</span> <span class='ocrx_word' id='word_1_207' title='bbox 495 3376 584 3441; x_wconf 88' lang='lat' dir='ltr'>certo</span> <span class='ocrx_word' id='word_1_208' title='bbox 605 3371 680 3440; x_wconf 89' lang='lat' dir='ltr'>seio.</span> 
     </span>
    </p>
   </div>
   <div class='ocr_carea' id='block_1_6' title="bbox 0 0 1699 5250">
    <p class='ocr_par' dir='ltr' id='par_1_9' title="bbox 0 0 1699 5250">
     <span class='ocr_line' id='line_1_26' title="bbox 0 0 1699 5250; baseline 0 0"><span class='ocrx_word' id='word_1_209' title='bbox 0 0 1699 5250; x_wconf 95' lang='lat' dir='ltr'> </span> 
     </span>
    </p>
   </div>
  </div>
 </body>
</html>
