3312 5250
854 499 891 562 10

278 676 343 754 τερί
373 677 443 759 χροί·
470 676 588 758 χαλκὸς
609 677 743 754 ἀτειρής,
777 678 816 742 cf.
838 679 867 738 T
890 677 967 741 277:
999 679 1083 740 ’λάκε
1105 679 1132 739 δ’
1153 676 1264 752 ἁστίς,
1287 677 1450 762 crepabat,

277 784 440 847 resonabat
461 784 584 867 clipeus.
626 784 673 848 De
695 783 820 847 ossibus
841 787 869 844 N
889 784 965 847 616:
989 786 1074 846 ’λανε
1096 784 1120 842 δ’
1142 783 1243 844 ὀστέα.

317 887 365 952 De
385 887 497 952 bestiis
517 888 632 970 legitur
652 892 682 950 X
708 889 780 952 141:
804 890 817 948 ὁ
840 889 866 948 δ’
879 887 1013 964 ἐγγύθεν
1034 894 1086 960 (se.
1099 889 1210 967 κίρκος)
1233 887 1283 968 ὀξυ
1305 889 1448 963 λεληκὼς,

277 991 315 1056 cf.
337 994 376 1051 H.
401 991 496 1056 Merc.
521 993 598 1056 145:
621 991 684 1054 aas
705 993 788 1062 νόνες
810 995 985 1056 λελάκοντο,
1027 994 1074 1057 De
1090 993 1216 1074 Scyllae
1227 993 1345 1057 latratu
1358 995 1449 1070 pas:

277 1096 349 1158 ἔνθα
371 1096 398 1156 δ’
414 1094 451 1155 ἑνὶ
471 1098 599 1169 Σκύλλη
616 1103 683 1158 ναίει
693 1096 802 1179 ὃρεινὲν
823 1103 973 1160 λελακυῖα.

316 1201 477 1266 Primaria
498 1202 704 1282 significatiO,
727 1222 792 1283 qua
813 1221 912 1276 sonus
933 1201 1094 1266 indicatur
1117 1222 1215 1284 quem
1235 1202 1452 1284 percipimuS,

276 1326 355 1378 curn,
370 1307 402 1370 vi
424 1306 613 1371 discinditur
632 1307 754 1388 aliquid
765 1307 814 1371 vel
828 1307 1047 1387 disrumpitur,
1070 1307 1217 1388 cognosci
1230 1310 1338 1389 potest
1350 1307 1449 1372 etiarn

275 1432 314 1477 ex
352 1411 590 1493 Aristophane,
631 1413 686 1494 qui
726 1415 856 1493 praeter
888 1411 1009 1474 formas
1040 1411 1177 1476 usitatas
1209 1413 1310 1476 utitur
1340 1413 1449 1476 futuro

277 1518 449 1593 λακήσομαι
469 1520 501 1582 et
522 1517 642 1580 aoristo
667 1517 676 1575 ί
698 1515 843 1587 ἒλάκησα.
869 1516 975 1580 Nubb.
997 1516 1076 1580 410:

353 1674 371 1737 ir
392 1673 477 1748 a’etp’
500 1669 640 1752 ἐφυσᾶτ’,
664 1662 714 1730 εἶτ’
734 1667 866 1751 ἕξοιίφνῃς
886 1671 1097 1742 διαλακήσασα
1119 1670 1193 1746 πρὸς
1214 1671 1293 1731 αυτὼ

353 1775 532 1856 τώφθαλμὼ
553 1797 610 1852 μου
632 1780 849 1852 προσετίλησεν
870 1776 918 1837 καί
939 1775 1123 1838 κατέκαυσεν
1144 1773 1179 1834 τὲ
1200 1777 1370 1850 τρόσωτον.

314 1945 360 2011 Cf.
383 1946 463 2010 Ach.
484 1947 563 2011 4⁶26:
585 1951 671 2016 τοίας
685 1947 757 2006 ποθ’
771 1945 841 2020 ἀνὴρ
853 1946 979 2016 λακίδας
989 1948 1112 2006 αἰτεῖται
1123 1947 1262 2022 τέτλων,
1285 1946 1304 2010 i.
1317 1966 1343 2010 e.
1355 1952 1449 2010 vestes

274 2053 448 2130 laceratos,
469 2072 610 2134 pannos,
634 2051 670 2114 cf.
692 2050 808 2115 Aesch.
831 2050 977 2131 Choeph.
999 2052 1054 2128 95,
1077 2052 1184 2132 Eurip.
1206 2053 1257 2116 Fr.
1278 2052 1358 2132 485,
1379 2053 1448 2116 987.

271 2157 460 2220 Notandum
481 2179 501 2216 α
522 2156 716 2236 productum
738 2175 807 2220 esse
828 2155 863 2219 in
883 2156 1104 2224 διαλακήσασα.
1149 2157 1222 2220 Alia
1239 2157 1309 2220 loca
1321 2156 1448 2221 Aristo-

273 2261 424 2342 phanea:
457 2260 537 2324 Ach.
569 2261 646 2324 610:
678 2265 708 2319 τί
740 2260 870 2330 λέληκας
898 2260 958 2340 (af.
981 2261 1057 2324 Hes,
1081 2260 1176 2343 Oper.
1199 2263 1274 2326 207:
1296 2262 1446 2339 δαιμονίη,

272 2371 303 2426 τί
326 2366 504 2444 λέληκαςς),
536 2367 611 2430 Pac.
633 2366 707 2444 381,
731 2365 806 2444 389,
830 2365 905 2442 384ς
926 2366 1009 2429 Plut.
1032 2367 1071 2429 39
1092 2367 1155 2430 huc
1176 2385 1243 2431 non
1264 2367 1446 2447 pertinent,

273 2449 446 2536 dictionem
469 2473 555 2534 enim
577 2470 732 2552 tragicam
755 2471 804 2534 his
826 2471 902 2534 locis
924 2470 1030 2535 iocose
1043 2471 1188 2536 imitatur
1200 2471 1348 2535 comicus,
1375 2472 1446 2535 Vid.

158 2643 162 2651 ,
272 2575 405 2658 insuper
426 2576 532 2640 virum
555 2576 775 2641 doctissimum
798 2596 863 2641 van
884 2577 1046 2642 Leeuwen
1069 2577 1112 2641 ad
1134 2577 1212 2642 Ach.
1235 2577 1303 2641 410.

311 2681 448 2746 Multum
470 2682 566 2764 igitur
588 2683 699 2762 abest,
721 2687 758 2746 ut
778 2684 840 2747 hoc
861 2684 1013 2763 verbum,
1035 2684 1123 2766 quod
1145 2683 1187 2748 ad
1208 2702 1327 2748 raucos
1348 2701 1446 2747 sonos

272 2787 420 2868 altosque
444 2789 601 2853 clamores
623 2788 841 2868 designandos
863 2790 1031 2852 inventum
1053 2792 1120 2866 est,
1144 2789 1273 2853 cuilibet
1284 2788 1371 2880 vocis
1382 2789 1446 2853 hu·

271 2909 391 2955 manae
411 2893 626 2956 modulationi
648 2893 842 2957 indicandae
865 2896 940 2974 apte
961 2893 1062 2974 possit
1083 2893 1250 2958 inservire.
1286 2893 1443 2958 Attamen

271 2995 402 3076 tragicis
424 2997 517 3060 ahter
537 2996 644 3060 visum
666 3000 723 3060 est.

310 3099 408 3182 Apud
440 3099 625 3165 Soanoonau
657 3101 703 3164 nil
733 3101 794 3164 nisi
816 3121 915 3166 uocem
946 3101 1034 3165 cdere
1066 3101 1219 3166 denotat:
1247 3101 1324 3165 Ant.
1348 3101 1444 3166 1094:

271 3206 369 3285 ψεῦδος
390 3203 419 3275 ἐς
440 3207 527 3265 τίλιν
548 3211 666 3280 λακεῖν,
696 3206 812 3270 Trach.
835 3207 914 3272 8923
936 3205 1044 3276 τοῦπος
1066 3205 1101 3266 τὸ
1122 3208 1293 3281 θεοπρόπον
1313 3209 1440 3284 ἡμῖν...

270 3307 315 3370 ὅτ’
337 3309 460 3386 ἔλακεν,
484 3311 645 3375 oraculum
667 3311 749 3394 quod
768 3311 936 3393 praedicit.

312 3416 409 3497 Apud
442 3417 627 3481 Arsaniam
666 3417 765 3481 etiam
799 3436 954 3498 praesens
986 3417 1091 3479 λάσνω
1122 3416 1253 3497 legitur:
1283 3418 1342 3498 Ag.
1364 3419 1444 3484 596:

270 3519 509 3598 ὀλολυγμὸν...
533 3521 614 3583 κατὰ
635 3525 743 3582 ττὸλιν
764 3521 911 3597 ἔλασκον,
933 3523 1081 3603 percitum
1103 3522 1245 3600 ciebant;
1268 3523 1344 3588 ibid.
1366 3525 1443 3589 865:

269 3626 369 3687 κάκιον
390 3626 467 3685 ἄλλο
488 3635 577 3702 napa
600 3628 770 3697 λάσκοντας
782 3610 892 3704 λίριας,
915 3628 1096 3690 rzcnticutcs
1109 3628 1444 3692 ructuantiudmclum

270 3729 378 3793 domui
397 3732 573 3794 cruminans.
616 3732 764 3795 Aoristus
786 3736 875 3796 extat
897 3732 985 3813 Sept.
1007 3732 1064 3795 154
1086 3732 1125 3796 de
1148 3736 1292 3798 rotarum
1315 3733 1443 3812 sonitu,

271 3835 414 3918 Choeph.
437 3836 476 3912 35
498 3836 538 3900 de
559 3840 718 3901 nocturno
741 3839 890 3902 clamore.
939 3838 1068 3914 Dicere,
1090 3839 1177 3904 cdere
1198 3839 1239 3904 de
1257 3838 1444 3904 hominibus

270 3940 327 4005 Ch.
350 3942 404 4018 38,
427 3942 504 4018 7883
526 3942 639 4022 Agam.
662 3943 741 4020 614,
768 3944 862 4006 idid:
886 3946 1040 4023 περίφρονα
1062 3944 1214 4013 δ’ἕλανες.
1259 3942 1442 4008 Perfectum

269 4045 385 4108 λέλακα
408 4047 523 4128 legitur
544 4049 653 4112 Prom.
674 4049 748 4112 Aut:
770 4049 915 4124 τρίτασα
937 4049 963 4108 δ’
976 4049 1029 4120 ἥδη
1050 4052 1171 4110 στονόεν
1193 4049 1303 4110 λέλακε
1326 4049 1420 4127 χώρα,

309 4152 469 4216 Euarrross
500 4171 630 4234 quoque
658 4153 792 4218 adhibet
825 4154 964 4217 sormam
996 4153 1176 4234 praesentis
1210 4155 1314 4215 λασνω
1346 4173 1444 4218 sensu

269 4255 436 4340 loquendi:
466 4257 564 4322 Rhes
597 4258 675 4322 tat:
707 4263 737 4318 τί
769 4259 906 4332 λάσανα
940 4259 978 4322 cf.
1007 4259 1109 4322 Andr.
1131 4259 1206 4322 cm:
1229 4277 1302 4322 cum
1325 4259 1443 4342 duplici

269 4380 351 4426 acc:
374 4369 495 4422 τοιαῦτα
517 4362 728 4433 nauseaveris
749 4368 865 4443 φίλους,
888 4363 934 4428 ΕΙ.
954 4362 1255 4440 taraconensem,
1278 4365 1444 4429 clamorem
