3312 5250
326 1651 390 1723 DE
416 1649 691 1726 VOCABULIS
717 1648 883 1726 SONUM
907 1649 1269 1725 INDIOANTIBUS.
1313 1672 1325 1686 ”

260 2081 358 2149 Verbi
387 2079 484 2140 αὔδαω
516 2081 605 2162 apud
636 2081 791 2148 Housnun
822 2081 953 2146 nonnisi
983 2081 1089 2146 forma
1122 2080 1228 2146 activa
1258 2081 1391 2164 legitur,

222 2191 414 2272 plerumque
445 2187 593 2251 absolute
625 2206 698 2251 oum
730 2187 885 2253 adverbio
915 2187 1013 2247 ἀντίον
1035 2186 1260 2272 coniunctam,
1292 2205 1392 2252 sensu

222 2293 417 2378 alloquendi:
441 2291 467 2351 Θ
490 2291 559 2372 100,
580 2290 613 2351 Ψ
632 2291 701 2372 48ὔ,
724 2292 760 2353 Ω
780 2293 849 2373 333,
870 2291 897 2366 β
917 2291 985 2372 rur,
1006 2291 1025 2351 δ
1045 2291 1115 2372 618,
1136 2312 1149 2351 ε
1170 2292 1219 2356 28.

261 2398 432 2463 Obieetum
454 2415 527 2460 curn
548 2396 687 2472 accedit,
710 2416 841 2478 semper
861 2400 910 2462 est
930 2396 1125 2460 vocabulum
1142 2395 1245 2480 ρέπος,
1257 2417 1391 2478 praeoe-

221 2501 319 2569 denie
339 2501 525 2584 participio,
547 2504 584 2565 ut
605 2501 763 2582 εὐχόμενος
783 2502 874 2588 [ἔπος
891 2501 962 2573 ηὔδα
974 2503 1003 2562 Κ
1014 2500 1083 2582 461,
1094 2501 1173 2566 item
1184 2501 1394 2582 ὀλοφυρόμενος

222 2609 249 2670 δ’
271 2607 341 2678 ἔπος
361 2607 451 2682 ηὔδα,
481 2606 507 2671 si
528 2605 753 2672 Aristarchum
774 2608 956 2689 sequimur,
989 2606 1016 2669 Ο
1040 2606 1108 2685 114,
1130 2607 1189 2671 398
1211 2629 1225 2665 ν
1248 2607 1321 2683 109;
1343 2605 1394 2671 his

221 2717 334 2780 tamen
353 2712 458 2776 tribus
478 2711 555 2776 locis
576 2711 716 2778 editores
737 2713 931 2778 recentiores
943 2711 1079 2792 (Heyne,
1100 2711 1237 2792 Knight‚
1258 2711 1394 2790 Bekker‚

223 2818 331 2884 Christ
352 2819 417 2892 alii)
439 2820 573 2898 propter
593 2818 777 2902 pvoeabuli
790 2818 882 2903 ρέπος
899 2815 1070 2881 lectionem
1081 2817 1219 2882 aiteram
1230 2817 1395 2896 praeferre

224 2924 329 2990 solent
349 2921 558 3004 ὀλοφυρόμενος
579 2921 611 2984 δὲ
631 2923 795 3000 προσηύδα.
829 2923 914 2986 Hine
934 2922 1072 2985 sortasse
1093 2921 1265 2986 coniecerit
1282 2922 1398 3005 aliquis

224 3029 259 3094 in
286 3048 382 3094 versu
415 3027 441 3090 K
467 3027 524 3091 461
555 3048 615 3109 pro
636 3028 744 3093 verbis
771 3052 820 3092 και
841 3026 999 3108 εὔχομενος
1020 3025 1110 3112 ρέπος
1131 3024 1203 3096 ηὔδα
1225 3027 1398 3107 legendum

225 3155 295 3200 esse
324 3133 373 3197 καὶ
405 3132 564 3212 εὐχόμενός
595 3151 628 3218 fe
659 3133 832 3209 προσηύδα,
862 3132 1018 3216 quoniam
1039 3130 1101 3196 sibi
1122 3133 1271 3196 constare
1292 3133 1398 3197 solent

223 3243 350 3305 ueteres
380 3241 498 3320 poetae
529 3237 563 3302 in
594 3239 713 3304 talibus
745 3239 959 3303 locutionibus
987 3241 1019 3302 et
1039 3238 1177 3302 verbum
1197 3235 1288 3296 αὔδαο
1309 3235 1398 3319 apud

223 3344 404 3410 Homerum
426 3363 500 3408 eum
521 3345 647 3410 obiecto
668 3345 714 3408 rei
736 3345 887 3425 componi
898 3363 965 3408 non
977 3345 1059 3408 solet
1071 3343 1132 3407 nisi
1145 3343 1279 3408 accedat
1289 3342 1398 3408 obiee-

224 3452 296 3516 tum
315 3449 502 3534 personale,
525 3469 552 3515 e.
574 3470 602 3531 g.
625 3453 651 3512 E
675 3449 733 3513 170
755 3449 845 3536 ρέπος
866 3449 900 3510 πέ
922 3473 972 3525 μιν
992 3448 1090 3508 &orion
1110 3446 1193 3519 ηὔδα,

266 3555 423 3620 Attamen
458 3557 582 3619 erraret
613 3555 668 3638 qui
700 3555 789 3621 illam
821 3555 1041 3620 coniecturam
1062 3556 1278 3635 proponeret,
1299 3572 1400 3636 quam

227 3660 402 3744 quominus
429 3659 623 3740 recipiamus
652 3660 761 3725 obstat
781 3679 894 3724 versus
915 3663 949 3720 M
972 3659 1029 3723 163
1050 3658 1099 3720 καὶ
1117 3657 1298 3732 ἀλασπηπας
1310 3659 1400 3745 ρέπος

228 3766 316 3841 ηὔδα,
338 3765 395 3829 ubi
416 3785 449 3850 ρε
471 3765 624 3842 προσηύδα
646 3766 708 3846 legi
729 3766 851 3849 nequit.

268 3873 523 3956 Nonnumquam
544 3872 620 3936 huie
629 3871 730 3937 verbo
742 3869 927 3951 adiungitur
938 3869 1134 3934 adiectivum
1145 3869 1291 3936 neutrius
1302 3889 1401 3953 gene·

229 3977 292 4055 ris,
324 3978 380 4042 ubi
412 3977 676 4043 subaudiendum
707 3980 756 4042 est
786 3975 1028 4042 substantivum
1053 3975 1217 4040 obiectum
1235 3975 1401 4041 internum

231 4082 343 4166 (αὔδῦν)
365 4083 529 4161 indicens;
551 4082 597 4148 sic
617 4083 642 4146 E
663 4082 723 4146 786
744 4081 785 4146 de
806 4081 957 4146 Stentore
978 4079 1131 4161 legimus:

434 4214 464 4285 ὃς
485 4215 575 4274 τόσον
596 4211 765 4292 uitione->C
788 4209 855 4272 ὅσον
877 4211 965 4270 ἄλλοι
986 4213 1181 4282 πεντήκοντα.

271 4348 319 4414 Ex
351 4365 416 4429 quo
449 4344 597 4425 exemplo
625 4343 722 4408 simui
743 4344 882 4425 apparet
903 4341 1041 4406 verbum
1062 4339 1154 4401 αὔδᾶν
1176 4340 1274 4407 etiarn
1295 4339 1407 4418 vocife-

233 4454 331 4525 randi
353 4469 453 4518 sensu
473 4449 634 4534 usurpari.
