3312 5250
828 541 869 604 90

253 721 267 780 ὁ
298 709 374 788 αἶνος
403 719 564 793 ὴπλωμένη
595 727 748 796 asperula,
770 720 834 787 ἥτις
854 717 903 780 καὶ
926 714 999 782 αὐτὴ
1020 718 1291 798 ἀνακεφαλαιοῦται
1317 714 1373 794 μὲν
1396 718 1434 788 εἰς

255 847 320 884 τινα
340 828 522 900 παραίνεσιν)
545 819 612 898 οἷον,

494 952 571 1012 Μένε
591 951 668 1026 βαῦς
689 957 759 1013 ποτ’
781 952 810 1012 ἓν
833 953 953 1041 βοτάνῃ

276 1057 304 1093 αἱ

255 1057 275 1096 κ
497 1115 531 1173 Ἀ
550 1113 655 1184 κισσὸς
675 1115 746 1190 μετ’
769 1114 953 1190 &vicarias
990 1147 1029 1160 -

297 1247 448 1315 Valcken.
469 1247 642 1316 Animadv.
669 1270 699 1332 p.
725 1251 779 1314 la:
804 1251 1065 1328 „Differentiam
1087 1269 1187 1332 quam
1210 1249 1246 1312 in
1271 1249 1333 1313 hac
1357 1250 1437 1312 nola

255 1354 358 1420 tradit
387 1353 525 1418 Lucillus
546 1355 750 1433 TarrhaeuS‚
782 1357 938 1434 Erasmu,
961 1355 1093 1432 Gratia,
1116 1354 1153 1418 G.
1176 1354 1198 1417 Ι.
1220 1354 1334 1418 Vossio
1357 1371 1433 1434 pro-

259 1461 390 1538 batam,
412 1478 479 1524 non
500 1459 583 1524 adeo
603 1460 737 1524 sollicite
758 1464 885 1526 veteres
905 1461 1058 1537 videntur
1078 1460 1279 1524 observasse.
1313 1459 1434 1523 Hinon

258 1564 364 1628 solum
385 1564 547 1647 apologias,
568 1565 627 1628 sed
648 1567 681 1628 et
701 1565 836 1647 quaevis
856 1565 997 1629 breuiora
1018 1565 1228 1646 antiquorum
1247 1563 1349 1642 data,
1369 1563 1436 1645 pri-

258 1687 373 1733 maeve
395 1667 608 1748 simplicitatis
630 1672 663 1732 et
685 1669 829 1734 illibatae
849 1670 1029 1750 sapientiae
1050 1668 1261 1749 pulcerrimas
1273 1667 1435 1748 reliquias

259 1773 351 1842 αὶνανς
374 1775 604 1837 vocaverunt.”

299 1876 397 1958 Apud
418 1877 603 1943 Aescnnm
623 1869 698 1949 aim
720 1883 769 1943 est
788 1879 982 1959 lausSuppl.
996 1880 1092 1943 1021:
1107 1868 1227 1948 αἷννςδὲ
1240 1877 1430 1938 uilissimae

263 1985 438 2062 Πελάσγων
459 1982 557 2064 ἐχέτω
579 1983 625 2048 Cf.
647 1984 724 2063 534,
746 1984 806 2064 Ag.
828 1984 904 2064 780,
929 1984 1016 2049 1547.

303 2091 528 2156 Narrationem
558 2089 681 2153 indicat
711 2088 771 2170 Ag.
805 2089 902 2154 1484:
933 2095 983 2170 φεῦ
1003 2096 1076 2170 φεῦ,
1109 2087 1201 2151 asaia
1226 2078 1301 2148 αἶνον
1321 2088 1436 2163 ἀτηρᾶς

265 2195 365 2276 τύχας
387 2195 434 2262 Cl.
456 2212 567 2276 supra.

301 2301 461 2364 Euuurnus
482 2319 612 2382 quoque
633 2300 789 2380 primario
810 2319 908 2364 sensu
929 2300 1035 2364 laudis
1047 2300 1180 2365 adhibet
1191 2300 1237 2364 El.
1251 2287 1434 2363 1062εαῖννν

265 2404 345 2484 ἄξιαι
365 2404 439 2484 φέρει
459 2404 507 2469 Cf.
530 2404 626 2486 Hipp.
649 2404 725 2482 lau,
749 2403 834 2485 Cyel.
857 2406 936 2480 201,
961 2405 1020 2469 sed
1041 2407 1074 2468 el
1093 2404 1220 2483 dictum,
1241 2403 1437 2487 proverbium

264 2512 332 2586 est,
363 2512 399 2572 ut
430 2511 522 2585 λόγος
550 2513 582 2573 et
605 2515 703 2584 puisse
726 2508 817 2573 Aeol.
839 2509 877 2574 fr.
897 2509 997 2574 XVlll
1020 2510 1031 2571 1
1058 2515 1109 2589 φεῦ
1129 2515 1191 2589 φεῦ,
1216 2507 1344 2578 παλαιὸς
1364 2499 1442 2578 αἶνος

264 2612 302 2682 ὡς
322 2617 423 2684 καλῶς
444 2612 515 2694 ἔχει.
541 2614 589 2679 Cf.
612 2614 691 2679 Dici.
714 2613 751 2678 fr.
772 2614 830 2679 XV
855 2615 888 2695 l,
909 2614 1084 2696 Melanipp.
1105 2615 1142 2679 fr.
1164 2613 1266 2678 XXlll
1290 2619 1317 2679 l.
1358 2616 1440 2680 Dan.

261 2719 299 2784 fr.
320 2717 351 2784 X
373 2719 387 2784 l
410 2739 474 2802 sq.:
496 2707 530 2789 ἦν
550 2721 612 2796 γάρ
632 2743 677 2792 τις
698 2711 773 2790 αἶνος
793 2721 832 2792 ὡς
851 2721 965 2801 γυναιξὶ
985 2717 1040 2794 μὲν
1060 2721 1165 2800 τέχναι
1188 2720 1321 2798 μέλουσι.

301 2824 455 2890 Pruuunus
476 2826 538 2891 hau
558 2845 637 2890 voce
659 2845 789 2906 semper
809 2827 916 2890 laudis
936 2846 1035 2890 sensu
1057 2831 1158 2890 utitur
1180 2825 1229 2889 Ol.
1251 2825 1278 2888 ll
1296 2825 1353 2889 105
1366 2824 1443 2905 (95),

265 2929 306 2994 Vl
329 2929 382 3008 lu,
404 2929 495 2994 Nem.
519 2930 585 3010 [6,
607 2931 746 2994 Vlllllll.

309 3033 492 3116 Cognatum
523 3039 572 3099 est
602 3035 738 3099 verbum
759 3034 903 3112 αένῐζαμαι
923 3035 1013 3118 quod
1035 3034 1191 3098 laudandi
1211 3053 1309 3098 sensu
1330 3033 1445 3115 legitur

270 3139 358 3222 apud
379 3138 461 3202 ΗΘΜ.
483 3138 512 3202 Ν
534 3137 608 3220 374,
631 3139 805 3214 Ὀθρυονεῦ,
828 3140 894 3215 περὶ
914 3141 949 3211 δή
971 3160 1005 3198 σε
1016 3137 1135 3215 βροτῶν
1145 3139 1269 3215 αξνίζομ’
1289 3139 1443 3212 ἁπάντων,

272 3244 319 3311 ul.
340 3251 366 3308 θ
386 3243 456 3308 487.

311 3349 397 3432 Apte
428 3367 501 3414 cum
532 3349 612 3410 αἰνέω
631 3383 671 3394 -
690 3351 835 3428 αἰνίξομαι
865 3350 1004 3416 conferri
1023 3353 1160 3433 possunt
1180 3350 1264 3416 aliae
1286 3347 1444 3415 eiusmodi

272 3453 499 3533 formationes„
522 3455 634 3538 quales
656 3457 733 3520 sunt

672 3559 757 3621 αἰτέω
780 3595 815 3606 -
837 3560 938 3638 αἲτὶζω

673 3641 771 3726 balle
792 3701 831 3711 —·
852 3667 965 3744 ὁπλίζω

674 3770 792 3851 χατέων
812 3805 853 3816 -
873 3773 990 3851 χατιζω

675 3875 834 3956 ἀκάχημαι
855 3911 894 3919 -
915 3875 1051 3958 ἁκαχὶζω

315 3982 398 4062 (vid.
419 4001 484 4047 van
505 3983 667 4046 Leeuwen
689 3985 721 4045 et
743 3981 875 4046 Mendes
897 3983 940 4046 da
955 3983 1070 4048 Costa:
1093 3983 1269 4064 Taaleigen
1281 3983 1339 4048 der
1350 3983 1445 4048 Hom.

276 4089 354 4156 Ged.
377 4088 426 4152 ed.
450 4087 491 4167 ll,
513 4107 544 4168 p.
566 4088 621 4166 72,
643 4087 751 4162 inira).

316 4191 443 4274 Tragici
474 4210 541 4257 non
571 4194 707 4256 utuntur
736 4190 837 4255 verbo
858 4190 1012 4268 αἰνίξομαι,
1036 4193 1125 4275 apud
1150 4212 1205 4258 eos
1227 4196 1339 4258 tamen
1359 4196 1449 4260 extat

274 4299 412 4364 verbum
449 4297 767 4380 posi-Homericum,
804 4296 914 4376 paullo
947 4297 1039 4362 aliter
1071 4298 1248 4366 formatum
1281 4299 1449 4378 αὶνῑσσνμαι

276 4407 330 4486 (ex
351 4405 566 4488 alula-j-opat).
