3360 5250
810 532 851 596 40

248 715 282 778 et
312 712 421 777 delere
452 731 517 776 vss.
538 711 660 776 87-88
680 711 758 794 quia
777 731 894 793 parum
916 712 1080 776 contextui
1100 713 1312 791 conveniant,
1334 732 1420 794 quae

248 821 298 883 est
317 816 480 882 sententia
499 836 529 880 v.
552 817 582 880 (t
604 817 777 898 Hoogvliet
795 817 836 881 u.
857 835 931 898 pag.
954 817 992 879 18
1012 837 1061 898 sq.

288 923 341 988 Sic
366 923 465 986 etiam
485 941 600 985 vorsus
622 923 650 988 Ξ
669 923 726 985 143
737 923 767 986 ei
779 923 907 1003 spurius
919 941 989 986 esse
1000 922 1138 999 videtur,
1150 942 1223 986 cum
1234 923 1288 986 h.l.
1299 922 1419 986 locutio

246 1026 310 1089 ἐπεὶ
341 1029 373 1088 οὔ
395 1046 438 1113 μοι
459 1026 497 1088 ἔνι
517 1027 615 1107 φρένες
635 1027 694 1088 ott'
715 1027 818 1101 ἠβαιαί
838 1027 1020 1108 significare
1041 1027 1160 1091 debeat
1182 1030 1275 1110 „quia
1295 1029 1419 1090 miseri-

248 1133 357 1197 cordia
376 1135 467 1198 nollo
487 1136 522 1197 ιἰι
542 1153 576 1196 eo
595 1133 667 1210 καῖ’,
690 1153 775 1214 quae
797 1133 886 1196 notio
907 1152 975 1197 non
996 1134 1137 1216 quadrat
1158 1153 1233 1197 cum
1253 1153 1274 1212 φ
1294 1132 1420 1196 788ιὼί

247 1237 287 1299 ἔνι
316 1261 361 1298 τοι
392 1240 490 1318 φρένες
522 1236 580 1296 οὐδ’
602 1236 707 1311 ἠβαιαί
726 1238 885 1318 significat
906 1247 940 1302 tu
961 1261 1042 1302 sono
1066 1247 1165 1302 monto
1186 1240 1303 1316 corcs'’‚
1335 1257 1421 1319 quae

248 1343 342 1408 unice
361 1363 441 1408 vera
461 1345 551 1407 notio
571 1347 629 1407 est.
661 1343 804 1423 Legendi
826 1347 902 1407 sunt
923 1345 1019 1424 igitur
1031 1347 1162 1408 auctore
1173 1343 1347 1424 Hoogvliet
1357 1363 1420 1406 vss.

249 1449 307 1513 139
328 1451 361 1514 et
383 1449 457 1512 140:

407 1619 557 1696 Ἀτρεΐδη,
580 1626 628 1678 νῦν
648 1620 685 1691 δὴ
707 1641 763 1680 σου
785 1621 950 1699 Ἀχιλλῆος
969 1618 1053 1678 ὃλοὲν
1072 1628 1128 1694 κῆρ

407 1732 499 1800 ’γηθεῖ
518 1722 557 1784 ἑνὶ
576 1727 729 1790 στήθεσσι
756 1727 839 1804 φόνον
859 1725 908 1787 καὶ
930 1725 1023 1805 φύζαν
1039 1726 1178 1804 Ἀχαιῶν.

289 1896 386 1975 Quod
417 1897 534 1961 attinet
565 1897 608 1960 ad
639 1915 702 1959 acc.
735 1897 823 1977 apud
843 1896 980 1960 verbum
1002 1896 1118 1972 ρηθὲω,
1141 1897 1266 1960 confert
1285 1897 1424 1976 scriotor

248 2001 262 2066 I
283 2003 342 2079 77,
363 2007 410 2072 τίς
429 2021 480 2065 κεν
500 2001 573 2060 τάδε
594 2004 754 2078 onitin-aa
776 2001 832 2064 ubi
852 2002 988 2082 vestigia
1009 2001 1164 2082 antiquae
1176 2000 1423 2064 constructionis

249 2109 427 2173 cernuntur
457 2105 560 2179 (Stud.
592 2106 688 2169 Hom.
721 2126 754 2186 p.
789 2107 847 2184 19).
879 2107 944 2171 Sed
966 2125 1040 2170 meo
1061 2105 1179 2169 iudicio
1200 2106 1270 2168 loco
1289 2105 1422 2168 laudato

249 2213 411 2278 habemus
433 2212 618 2292 exemplum
640 2211 758 2274 obiecti
778 2211 896 2275 interni
919 2212 1008 2292 quod
1028 2211 1162 2288 dicitur,
1185 2215 1219 2273 ut
1237 2209 1421 2286 μέγαβοαν,

248 2316 335 2394 δριμὺ
354 2315 480 2390 βλέπειν
500 2317 625 2395 simm,
646 2317 692 2380 sic
709 2317 797 2398 apud
808 2317 940 2381 Latinos
955 2318 1033 2394 „hoc
1043 2315 1174 2394 laetor''‚
1200 2316 1295 2392 „illud
1307 2315 1423 2380 doleo”

248 2426 322 2487 cett.
344 2421 512 2486 eiusmodi.

289 2527 407 2592 Restat
426 2550 446 2590 κ
469 2527 546 2591 196:

889 2671 1002 2735 καπνὸν
1023 2673 1051 2732 δ’
1072 2670 1109 2732 ἐνὶ
1130 2673 1231 2758 μέσσῃ

411 2778 534 2854 ἔδρακον
554 2777 738 2858 ὀφθαλμοῖσι
759 2777 805 2837 διὰ
826 2777 923 2854 δρυμὰ
943 2777 1040 2839 πυκνὰ
1060 2776 1109 2840 κα“ι
1130 2775 1222 2849 ὅλην,

250 2925 308 2990 ubi
326 2942 386 3007 pro
407 2922 529 3001 ἔδρακον
548 2923 723 3004 legendum
745 2943 815 2987 esse
834 2923 969 2987 coniecit
978 2923 1150 3004 Hoogvliet
1161 2922 1316 3000 ἔσδρακον,
1335 2942 1425 2988 com·
1498 3009 1500 3013 Ι

250 3031 393 3114 positum
415 3029 503 3110 quod
524 3047 589 3092 acc.
611 3028 762 3092 admittit.
795 3027 900 3108 (Stud.
924 3028 1019 3091 Hom.
1041 3049 1072 3109 p.
1095 3028 1157 3108 70).

290 3135 389 3218 Apud
411 3133 596 3198 Soeuocuuu
616 3134 711 3214 longe
732 3133 797 3197 alia
818 3153 870 3196 res
892 3133 949 3197 est.
981 3133 1098 3197 Paucis
1119 3133 1196 3198 locis
1217 3137 1346 3198 tantum
1357 3133 1425 3215 pri·

251 3239 357 3305 maria
377 3237 568 3320 significatio
590 3241 746 3318 apparet,
768 3257 825 3318 eg.
848 3237 926 3302 ΟΒ.
947 3237 1023 3301 413;

293 3342 336 3405 σὺ.
361 3343 410 3407 καὶ
440 3343 581 3420 δέδορκας
611 3341 663 3406 κού
694 3341 819 3417 βλέπεις
838 3341 872 3400 ‘io’
894 3332 921 3401 εἷ
936 3349 1028 3406 κακοῦ
1049 3343 1096 3408 Cf.
1117 3343 1196 3422 454,
1222 3343 1267 3407 El.
1290 3345 1348 3424 66,
1368 3344 1426 3408 uhi

252 3450 432 3532 perfectum
453 3448 578 3525 δέδορκα
598 3448 630 3512 vi
651 3448 831 3530 praesentis
851 3448 976 3528 legitur.

293 3554 446 3619 Ceterum
476 3553 647 3618 transitive
667 3554 806 3617 sumitur
826 3557 863 3616 ut
885 3554 953 3630 ὁρᾶν
974 3554 1014 3618 de
1036 3554 1134 3618 rebus
1156 3574 1240 3636 quae
1261 3553 1344 3617 visui
1365 3553 1424 3618 ob-

253 3657 371 3724 noxiae
392 3661 486 3737 sunt,
507 3659 551 3722 El.
574 3658 652 3721 899:
674 3657 713 3727 ὡς
733 3658 759 3716 δ’
782 3657 810 3717 ἓν
831 3660 949 3744 γαλήνῃ
970 3659 1060 3718 πάντ’
1078 3657 1238 3735 ἐδερκόμην
1248 3661 1351 3719 τόκον.
1378 3659 1425 3723 Cf.

253 3763 303 3828 Αἱ.
330 3764 364 3840 1,
385 3763 464 3842 360,
484 3763 564 3839 oo5;
586 3761 622 3826 O.
645 3762 680 3826 C.
702 3762 782 3840 894,
806 3763 851 3825 ΕΙ.
877 3763 963 3827 1466.
985 3799 1024 3809 -
1046 3764 1163 3828 Trach.
1185 3765 1261 3828 693:
1286 3763 1426 3840 δέρκομαι

254 3868 341 3950 φάτιν
361 3866 524 3931 Nauckius
545 3869 652 3932 mutat
672 3866 706 3930 in
727 3868 834 3948 φάσμα
856 3867 1014 3944 δέρκομαι,

294 3973 342 4038 De
363 3973 461 4037 rebus
483 3972 653 4036 abstractis
675 3991 760 4053 quae
782 3971 932 4035 dicuntur
953 3972 1090 4035 occurrit
1111 3973 1156 4036 El.
1181 3973 1277 4037 1116:

295 4077 349 4149 ἤδη
381 4074 472 4157 σαφὲς
503 4079 658 4156 πρόχειρον
688 4077 787 4157 ἄχθος
816 4076 854 4145 ὡς
875 4075 945 4139 ἐὀικε
967 4076 1124 4153 δέρκομαι,
1149 4077 1195 4140 Cf.
1218 4078 1335 4142 Trach.
1357 4078 1425 4142 747.

296 4183 424 4264 Tragici
454 4185 590 4246 utuntur
621 4183 720 4246 etiam
752 4183 857 4246 forma
877 4181 1010 4264 passiva
1029 4181 1209 4262 δερχὲιῆναι,
1232 4203 1317 4264 quae
1339 4183 1427 4265 apud

256 4289 437 4354 Homerum
458 4305 525 4351 non
546 4286 660 4368 legitur
682 4287 847 4366 (41475,
870 4287 908 4350 fr.
929 4286 991 4350 inc.
1013 4287 1091 4364 719,
1113 4288 1154 4362 7).

298 4391 445 4474 Denique
466 4391 642 4473 Sophocles
663 4391 763 4456 habet
782 4391 913 4471 Proca,
945 4391 1057 4473 impt,
1078 4392 1162 4456 Peri.
1186 4394 1218 4457 et
1237 4391 1314 4457 Aoo.
1335 4393 1425 4458 Pass,
