3360 5250
832 517 872 580 68

265 692 481 774 instructi‚'a
512 694 585 773 gelu
620 715 655 760 se
687 695 861 760 defendere
892 697 1064 776 poterant,
1096 695 1155 760 sed
1191 694 1253 774 illi,
1285 694 1341 777 qui
1363 694 1443 760 nihil

265 797 410 862 habebat
430 797 491 861 nisi
511 801 604 869 σάκος
626 803 653 863 ct
679 801 778 876 ζῶμα,
802 804 963 867 nocturna
985 800 1105 881 frigora
1126 804 1220 865 erant
1236 801 1441 882 perferenda.

266 902 351 966 Hinc
377 921 507 984 quoque
528 909 618 984 patet
638 903 673 963 rt
695 906 782 981 ζῶμα
803 905 987 968 inserviisse
1009 905 1155 969 tunicam
1177 905 1335 986 tegendo,
1363 925 1443 969 nam

265 1005 392 1070 Ulixem
415 1007 523 1071 tunica
543 1011 672 1072 tantum
695 1009 846 1072 indutum
868 1009 965 1072 fuisse
987 1012 1114 1072 constat
1135 1029 1174 1074 ex
1195 1010 1295 1090 ipsius
1313 1011 1440 1074 verbis:

266 1109 320 1174 alii
341 1115 468 1190 χλαίνας
488 1108 539 1182 ἡδὲ
560 1119 688 1192 χιτῶνας
709 1113 769 1190 (vs.
791 1114 864 1192 478)
886 1114 1073 1193 habebant,
1096 1117 1129 1178 ai
1151 1115 1202 1178 ille
1224 1116 1448 1194 θεαίοίοχίτων

265 1223 323 1289 (VS.
344 1215 423 1279 489:
451 1219 532 1292 ταφαί
554 1219 588 1292 μ’
609 1217 706 1298 ἥταφε
728 1217 841 1292 δαίμων
860 1255 885 1261 -
902 1217 1044 1298 οἰοχίτων’
1066 1215 1188 1293 ἔμεναι),
1231 1217 1383 1283 Ceterum
1406 1220 1441 1282 in

265 1322 336 1384 tota
364 1321 551 1386 narratione
583 1341 744 1402 nusquam
777 1323 916 1387 inlicitur
948 1329 1001 1382 τοῦ
1028 1323 1166 1398 θώρακος
1186 1323 1328 1402 mentio,
1352 1323 1441 1404 quod

264 1425 341 1488 viris
382 1425 416 1489 in
453 1425 577 1489 insidiis
609 1427 771 1492 collocatis
803 1447 870 1492 non
902 1428 1089 1492 conveniret
1120 1447 1298 1509 eorumque
1329 1431 1439 1492 motus

264 1529 445 1611 impediret.

306 1634 375 1698 Vid.
397 1634 567 1699 Lehrsium
590 1636 631 1700 de
651 1636 707 1700 Ar.
729 1636 821 1700 Slud.
843 1638 939 1701 Hom.
961 1658 992 1720 p.
1017 1639 1073 1702 125
1094 1659 1141 1720 sq.

304 1740 402 1822 Apud
422 1740 607 1804 Soruoonsn
628 1741 733 1818 ζῶμα,
757 1761 822 1822 quo
844 1744 982 1807 occurrit
1003 1743 1092 1822 loc0‚
1114 1744 1256 1807 mulieris
1278 1743 1440 1828 αἰιφιιίιιιιι

264 1845 404 1926 indicat,
426 1849 540 1910 contra
560 1846 769 1910 Homericam
791 1849 1068 1928 consuetudinem,
1089 1848 1135 1912 Εί.
1156 1849 1237 1912 4ὅλε

445 2033 523 2113 ἅχω,
547 2030 596 2103 δὸς
616 2031 696 2111 αὐτῷ
716 2033 798 2100 τήνδ’
819 2033 950 2110 αλιταρῆ
971 2039 1063 2115 τρίχα

444 2138 493 2200 καὶ
514 2139 601 2214 ζῶμα
622 2137 731 2213 τούμὸν
752 2137 783 2197 σίν
804 2139 924 2219 χλιδαῖς
944 2139 1119 2216 ἠσκημένον.

303 2325 482 2389 Ausouruus
493 2325 533 2389 de
544 2327 666 2388 tunicae
677 2325 783 2406 specie
795 2329 930 2406 usurpat
941 2327 978 2390 lr.
991 2327 1058 2389 aad.
1081 2326 1259 2408 Hesychius
1268 2329 1439 2408 τεζοφίρσς

264 2432 416 2508 ζὼμασινς
446 2429 598 2509 Αίσχιίλσς
619 2429 793 2508 Τσξίτισιν,
819 2429 920 2506 ὥσπερ
941 2431 1036 2508 πέζαν
1057 2429 1185 2512 ἐχόντων
1207 2441 1266 2492 τῶν
1288 2435 1436 2513 χιτώνων,

263 2536 338 2606 τινὲς
364 2533 396 2597 δὲ
423 2535 572 2612 ποδήρεσι.
616 2536 707 2599 Haec
727 2538 875 2617 τεζσφὸφα
892 2537 1025 2624 Ιζώματα
1047 2557 1087 2601 ex
1109 2538 1269 2619 Aeschylo
1291 2558 1435 2604 comme-

263 2646 371 2707 morat
392 2645 490 2707 etiam
512 2643 626 2706 Pollux
648 2642 702 2704 Vll
724 2645 772 2706 51.

303 2748 462 2813 Eumerons
482 2749 544 2813 hac
564 2767 643 2814 voce
663 2768 730 2812 non
750 2748 852 2812 utitur
872 2768 978 2830 neque
1000 2749 1087 2830 apud
1108 2749 1268 2814 Prnmnuu
1287 2749 1434 2814 occurrit.

752 3003 947 3011 ——--—-———-—-

813 3201 875 3269 Θίε.
964 3265 967 3272 ,

302 3453 375 3518 Uno
407 3452 477 3516 loco
508 3451 542 3516 in
564 3451 761 3517 carminibus
784 3451 882 3533 epicis
903 3473 1046 3518 acervum
1068 3452 1221 3532 denotat,
1243 3452 1307 3517 scil.
1332 3453 1433 3531 μίὸ,

262 3559 318 3624 ubi
339 3576 446 3624 sermo
468 3561 517 3622 est
537 3558 578 3622 de
600 3557 811 3622 cadaveribus
834 3577 947 3622 eorum
969 3558 1024 3641 qui
1036 3558 1295 3622 Sirenumrantu
1307 3559 1433 3642 decepti

262 3667 357 3744 sunl,
388 3662 483 3733 τολὺς
510 3663 535 3723 δ’
558 3662 631 3743 ἄμφ’
660 3661 794 3738 ὀστεόφιν
814 3667 864 3734 &ie
884 3664 995 3740 ἀνδρῶν
1017 3663 1203 3741 πυθομένων,
1249 3663 1314 3729 Sed
1336 3666 1432 3746 vulgo

262 3770 303 3836 de
324 3772 430 3834 arenis
450 3769 603 3842 inmanis
624 3768 716 3832 litore
738 3771 892 3833 usitatum
914 3776 979 3850 est,
1001 3791 1073 3835 curn
1095 3789 1206 3852 praep.
1228 3767 1310 3845 παρὰ
1331 3773 1363 3835 et
1385 3768 1432 3832 ἔτι·

262 3875 489 3954 coniunctum,
510 3872 575 3949 t'ssn
596 3874 623 3934 δ’
645 3873 737 3937 ἀκέων
756 3873 838 3951 παρὰ
858 3883 928 3938 θῖνα
948 3875 1065 3948 simm)

302 3981 393 4046 Haec
423 3980 613 4061 significatio
635 3981 723 4061 apud
744 3982 928 4046 Sopuocnrn
952 4001 1081 4064 qnoque
1102 3981 1207 4061 valet,
1235 3981 1314 4046 Phil.
1339 3983 1431 4063 1124,

261 4089 319 4154 sed
351 4087 394 4152 ad
414 4088 514 4150 moris
533 4085 671 4166 fundum
693 4086 905 4151 indicandum
927 4090 1102 4168 usurpatur
1131 4087 1207 4151 Ant.
1229 4088 1306 4152 591:
1329 4086 1432 4165 ’ἔρεβος

260 4191 370 4274 ίίφαλσν
381 4227 419 4236 -
430 4191 554 4256 κυλίνδει
573 4189 729 4266 βυσσόθεν
749 4189 1024 4265 κελαινὰν-θῖνα,
1047 4195 1083 4255 ut
1103 4192 1250 4274 Virgilius
1266 4191 1378 4274 Georg.
1392 4194 1432 4257 ΙΙΙ

260 4300 339 4364 940:
371 4300 436 4362 ιἰιια
466 4305 624 4362 conectunt
655 4298 744 4360 undo
782 4297 952 4361 verticibus
982 4301 1167 4382 nipromquc
1198 4298 1257 4360 alte
1284 4298 1431 4363 subiectat

261 4423 409 4482 arenam,
439 4402 486 4468 cf.
507 4402 589 4468 Aen.
610 4403 623 4467 Ι
647 4402 722 4468 107;
743 4403 826 4476 furit
846 4409 949 4468 aestus
970 4405 1099 4484 arenis;
1126 4401 1260 4467 Ovidius
1280 4403 1365 4472 Med.
1385 4403 1430 4471 Xl
