3360 5250
835 475 874 542 47

311 657 455 721 Medium
476 657 615 722 occurrit
638 660 664 718 E
686 657 745 722 43:
779 657 939 734 Ἰδομενεὺς
959 658 985 716 δ’
1007 657 1064 732 ὅρα
1087 657 1216 718 Φαῖστον
1242 654 1373 732 ἐνήρατο,
1397 654 1444 720 Cf.

266 763 331 842 59,
351 751 379 822 Ζ
397 763 455 842 32,
476 785 498 821 ω
521 763 590 826 494.
1321 769 1324 776 “

312 868 386 931 Uno
406 867 476 932 loco
499 868 662 931 obiectum
685 870 733 930 est
752 887 829 950 pars
852 867 994 948 corporis
1016 867 1170 946 humani,
1192 889 1213 926 τ
1234 867 1313 930 263:
1335 865 1444 941 μηκέτι

268 979 321 1033 νῦν
352 974 428 1052 χρόα
458 970 551 1035 καλὸν
572 970 677 1048 ἐναίρεο
699 971 755 1036 ubi
776 972 913 1052 figurate
935 973 1056 1036 indicat
1077 993 1284 1055 corrumpere,
1309 971 1444 1048 foedare,

268 1082 310 1142 ut
339 1078 513 1140 κατιόιττειν
533 1075 559 1151 β
580 1077 657 1140 376:
679 1075 717 1145 ὡς
738 1075 773 1135 ἂν
794 1075 836 1152 μὴ
859 1081 1003 1166 κλαίοναα
1024 1075 1105 1138 κατὰ
1127 1079 1203 1157 χρόα
1225 1074 1318 1138 καλόν
1339 1075 1442 1162 ίόιττῃ.

315 1181 494 1246 Soanocars
515 1182 577 1245 hoc
597 1181 697 1245 verbo
719 1182 820 1244 utitur
840 1181 922 1245 Phil.
943 1183 1022 1245 946:
1044 1180 1157 1258 ἐναίρων
1179 1181 1277 1256 νεκρὸν
1298 1178 1315 1251 ἢ
1333 1184 1447 1243 καπνοῦ

271 1289 372 1360 σκιόιν,
396 1285 436 1350 de
458 1285 592 1349 animali
614 1286 692 1348 956:
723 1289 791 1359 θῆρ’
814 1283 972 1361 όρειβόιτην
993 1285 1088 1365 τόξοις
1111 1283 1234 1361 ἐναίρων,
1279 1285 1449 1366 Discrepat

273 1394 386 1456 autern
418 1392 459 1455 ab
492 1391 667 1455 Homerica
690 1391 829 1455 dictione
851 1391 887 1454 O.
911 1389 946 1454 C.
968 1392 1045 1455 843:
1068 1392 1155 1460 πόλις
1175 1387 1314 1468 ίναίρεται
1336 1389 1444 1452 σθένει.

315 1496 413 1576 Apud
443 1495 628 1560 Aasanrnurr
658 1495 822 1578 prirnitivo
854 1515 951 1559 sensu
983 1496 1098 1576 iegitur
1130 1496 1217 1578 Sept.
1250 1497 1328 1559 811:
1357 1495 1448 1565 οὕτως

273 1601 416 1681 ἁδελρανς
447 1601 550 1680 χερσὶν
580 1601 722 1676 ἠναίροντ’
754 1601 834 1676 ἄγαν
867 1604 899 1664 et
931 1601 975 1664 sic
1006 1601 1165 1665 Euarrrnns
1197 1619 1327 1682 quoque
1347 1601 1450 1664 utitur

275 1708 380 1771 Andr.
414 1707 510 1769 11822:
543 1705 603 1766 είειε
632 1710 661 1764 α’
691 1707 739 1765 ὑπ’
762 1705 839 1784 Ἰλίῳ
860 1705 944 1779 tiuare
968 1706 1091 1781 δαίμων,
1116 1705 1213 1786 Hipp.
1238 1705 1331 1769 nna:
1353 1713 1449 1782 &aare

275 1803 398 1891 ἐναιρέν,
420 1811 515 1874 Here.
536 1812 557 1874 f.
579 1811 654 1874 367:
677 1810 850 1874 Κενταύρων
872 1831 947 1870 τοτε
969 1811 1075 1885 γένναν
1095 1807 1269 1885 -ἐναίρων,
1295 1811 1362 1875 Ion,
1376 1812 1449 1875 191:

276 1921 418 1990 Λερναῖον
448 1914 537 1991 ι’όδραν
568 1914 687 1992 ἐναίρει,
723 1916 770 1980 Cf.
792 1916 860 1980 9218.
902 1914 1116 1997 Suppl.8:>1:
1149 1915 1210 1974 εέδε
1232 1935 1271 1990 με
1293 1917 1450 1993 Καδμείων

276 2019 376 2095 ἔναρον
397 2027 505 2100 στίχες
525 2017 553 2081 ἐν
574 2026 720 2083 κονίαισιν.

318 2127 399 2190 ltern
430 2127 518 2207 apud
548 2126 707 2190 Prnnnnnu
738 2127 830 2190 Nem.
862 2125 904 2188 ΙΙΙ
935 2126 993 2190 47:
1024 2127 1156 2202 κατρονς
1176 2126 1206 2185 τ’
1229 2124 1317 2201 ’έναιρε
1339 2129 1369 2186 Χ
1393 2125 1449 2188 15:

277 2230 438 2306 Τηλεβόας
449 2228 600 2306 ἐναρόντος
612 2231 658 2310 (:
675 2231 904 2312 Ἀμφιτρύωνος)
916 2231 973 2310 όψιν
984 2229 1143 2307 ἐειδόμενος
1156 2232 1278 2306 (Herm.
1290 2229 1451 2304 Τηλεβόας

281 2335 372 2412 ἐναρε.
398 2336 606 2416 (Amphitryo
627 2337 705 2409 scil.)
727 2345 770 2414 τῲ
792 2337 818 2395 δ’
841 2337 898 2416 ὄψιν
920 2333 1079 2411 ἐειδόμενος
1099 2342 1174 2399 κτλ.

318 2439 461 2518 Ἐναρίζω
481 2442 614 2523 proprio
635 2461 731 2506 sensu
754 2443 842 2524 apud
866 2442 1450 2522 iiournunsignifieatIrostemeuesum

278 2549 396 2610 exuviis
417 2548 532 2630 spolio,
556 2547 671 2610 eodem
693 2547 790 2612 modo
811 2545 962 2626 ἑξεναριζω
986 2546 1019 2610 in
1043 2565 1105 2610 usu
1127 2551 1185 2611 est.

319 2654 352 2712 M
377 2652 452 2714 195:
475 2650 535 2732 ἔρρ’
558 2649 587 2708 οί
602 2650 670 2720 τοὺς
690 2648 815 2728 ἐνάριζον
837 2651 890 2710 ἀπ’
912 2651 996 2712 ἐ’ντεα
1007 2655 1227 2727 μαρμαίροντα,
1244 2651 1290 2716 Cf.
1304 2654 1326 2711 Ρ
1341 2651 1447 2729 187,0

279 2757 358 2837 343,
379 2758 409 2816 Χ
430 2757 498 2820 223.
530 2756 589 2820 His
610 2757 687 2820 locis
713 2759 951 2838 componuntur
969 2755 1052 2816 ἐ’ντεα
1075 2760 1106 2819 et
1117 2757 1192 2831 τινα,
1216 2757 1274 2820 sed
1285 2774 1451 2820 annorum

278 2862 402 2928 mentio
424 2882 492 2927 non
512 2862 660 2926 iniiritur'
1008 2851 1011 2858 ’

300 2993 329 3053 Σ
352 2993 428 3057 155;
450 2989 511 3055 ’ἕνθ’
534 2990 606 3069 ὅγε
628 2991 695 3062 τοὺς
716 2989 836 3068 ἐνάριζε,
860 2997 941 3072 φίλον
964 2993 990 3052 δ”
1013 2990 1132 3080 ἐξῂνντο
1153 2993 1261 3068 θυμόν.

250 3086 256 3096 “
299 3099 334 3161 Π
355 3097 432 3163 731;
457 3100 579 3173 Ἕκτωρ
599 3099 626 3156 δ”
648 3098 758 3167 ’ἄλλους
778 3096 833 3175 μὲν
855 3097 990 3168 Δαναοὺς
1011 3097 1051 3159 'a'a'
1075 3097 1133 3157 cta·
1157 3095 1291 3174 ἐνάριζεν.

321 3226 497 3310 Interfirere
518 3229 653 3292 denotat
673 3229 701 3287 A
723 3227 778 3292 191
802 3227 858 3290 ubi
880 3228 1020 3291 Achilles
1042 3225 1194 3292 dubitare
1215 3227 1331 3292 dieitur
1342 3232 1451 3294 utrum

280 3331 433 3410 Ἀτρείδην
454 3331 567 3422 ἐναρίζῃ
590 3353 632 3397 an
653 3333 735 3397 iram
759 3333 913 3414 deponat.

320 3441 481 3504 Primaria
502 3439 692 3520 significatio
713 3458 780 3503 non
801 3441 949 3520 superest
970 3439 1058 3520 apud
1070 3439 1261 3503 Soanoanrn.
1284 3438 1453 3504 Arianae

280 3545 396 3628 legitur
425 3545 483 3622 ἄγε
515 3565 565 3622 με,
598 3544 647 3608 καὶ
667 3547 732 3606 τότ’
755 3543 920 3625 ἓτεναριξον
943 3545 962 3608 i.
990 3565 1015 3609 e.
1038 3544 1174 3627 interfice
1194 3566 1242 3609 rae
1263 3565 1334 3608 οαιιι
1351 3552 1452 3630 patra.

322 3675 438 3742 Traeh.
459 3676 517 3740 94:
559 3673 590 3734 όν
610 3675 694 3736 αίόλα
717 3675 766 3755 ναξ
787 3673 973 3752 ἐναριζομένα

561 3787 654 3844 τίκτει
675 3781 844 3857 κατευνάζει
865 3801 910 3853 τε,
934 3782 1148 3860 φλογιζόμενον

565 3889 668 3947 ’Ἄλιον
692 3889 794 3947 Ἄλιον
816 3887 900 3959 αίτώ,

282 4019 460 4101 explicatur
490 4015 676 4094 ἑναριζομένα
707 4038 765 4099 per
803 4019 953 4102 „spoliata
973 4019 1088 4082 stettis”
1111 4019 1199 4100 quod
1219 4037 1286 4082 non
1311 4017 1453 4100 quadrat

282 4145 356 4190 curn
387 4127 481 4185 αἰόλα.
526 4125 590 4186 Alii
611 4125 867 4205 interpretantur
887 4144 946 4206 per
971 4123 1177 4204 ἀφανιζομένη,
1202 4124 1289 4206 quod
1310 4145 1364 4188 me
1385 4131 1452 4188 non

281 4231 459 4313 intelligere
490 4232 613 4311 fateor,
645 4231 819 4313 namqui,
852 4250 991 4313 quaese,
1013 4249 1079 4294 nox
1100 4251 1178 4314 qaae
1199 4232 1323 4295 evanuit
1343 4232 1451 4312 potest

282 4337 384 4402 solem
414 4337 627 4414 κατεννόιζεινὲ
660 4337 742 4402 Solis
764 4355 880 4401 occasu
902 4336 989 4401 enirn
1010 4336 1045 4400 ni
1066 4335 1160 4400 fallor
1182 4338 1214 4400 et
1237 4335 1299 4400 nisi
1324 4334 1454 4415 „omnia
