3360 5250
833 507 872 571 78

447 747 450 752 ,
483 689 607 766 θέορτον
627 686 644 759 ’ὴ
665 686 825 765 mireum
849 693 874 746 εἰ
890 688 999 764 ῥητὸν,
1023 690 1143 770 φράσον.

486 801 516 855 τί
536 796 563 854 δ’
586 793 693 866 ὅντιν’,
717 791 748 852 οὐ
770 792 831 869 γάρ
852 791 939 868 ῥητὸν
959 792 1111 856 αὐδᾶσθαι
1132 795 1217 856 τάδε.

307 951 354 1014 De
376 969 455 1014 voce
475 952 588 1018 τλητός
609 949 672 1033 uid.
695 951 867 1030 praeterea
891 948 967 1013 Heu.
992 949 1049 1012 157
1071 953 1103 1014 et
1125 949 1209 1016 Med.
1232 950 1301 1015 797.

309 1129 414 1196 Τάλας
435 1127 477 1192 ab
500 1127 615 1191 eodem
637 1125 745 1189 radice
768 1129 867 1206 atque
885 1131 1009 1202 τλήμων
1021 1129 1051 1190 et
1064 1128 1178 1198 τλητός
1190 1127 1279 1209 apud
1289 1127 1447 1195 Hominum

269 1253 343 1299 cum
364 1232 579 1316 indiquatioue
601 1231 722 1294 dictum
747 1233 836 1294 extat
857 1251 879 1289 σ
899 1231 979 1294 3λ7ε

410 1387 482 1466 ξεῖνε
502 1386 612 1460 τάλαν,
634 1384 673 1444 σύ
693 1384 731 1460 γέ
752 1408 796 1455 τις
817 1385 920 1465 φρένας
941 1382 1215 1462 ἐκπεπαταγμένος
1238 1384 1304 1448 ἐσσι

273 1490 483 1558 θὶτ68ῑάλλ
505 1488 611 1570 ἔξελθε
632 1489 756 1566 θύραζε,
781 1489 889 1564 τάλαν,
913 1489 963 1551 καὶ
984 1486 1084 1559 δαιτὸς
1106 1489 1214 1564 ἕνησο,

273 1671 362 1754 quod
382 1689 441 1734 nos
463 1669 643 1733 diceremus
668 1668 811 1746 „brutale
832 1667 950 1732 kerel'’.
982 1668 1064 1731 Item
1085 1667 1147 1744 ἔμμε
1170 1670 1268 1728 τάλαν
1281 1668 1316 1734 in
1327 1669 1448 1752 Hymn.

273 1781 436 1846 Merum.
461 1775 528 1838 160.

314 1880 536 1950 Eudemmodo
568 1879 690 1942 dictum
721 1881 858 1960 apparet
889 1877 924 1942 in
955 1876 1127 1942 Soeuocms
1159 1879 1277 1944 Trach.
1309 1881 1387 1946 792:
1413 1877 1450 1940 τὸ

273 1991 469 2065 δυσπὰρευνον
490 1985 614 2060 λέκτρον
634 1988 688 2044 σοῦ
708 1991 762 2053 τῆς
783 1987 936 2059 ταλαίνης,
959 1983 1028 2048 878:
1050 1984 1165 2044 τάλαιν’
1188 1983 1323 2062 ὀλεθρία,
1348 1985 1448 2051 1084;

273 2098 291 2162 ἡ
312 2097 438 2154 τάλαινα
459 2088 597 2165 δίαβομος
619 2091 713 2158 νόσος.

316 2200 369 2264 Sic
396 2201 573 2261 Ausumms
595 2213 724 2276 quoque
747 2194 833 2258 hunc
855 2213 969 2259 vocem
990 2198 1131 2276 usurpat
1142 2193 1200 2260 uh.
1213 2196 1311 2262 1069:
1333 2199 1450 2277 μόχθοι

275 2303 404 2373 τάλανές
424 2323 458 2363 τε
481 2301 623 2372 Θυέστου,
648 2300 695 2364 Cf.
718 2298 807 2381 Sept.
829 2301 909 2379 262,
931 2301 1010 2378 6953
1032 2300 1090 2366 Ch·
1112 2302 1181 2365 605.

317 2414 397 2472 item
417 2410 575 2472 Eumrrms
597 2404 694 2486 Hipp.
719 2404 814 2467 1241:
836 2391 858 2462 ὢ
880 2402 995 2481 πατρὶς
1012 2407 1129 2464 τάλαιν’
1141 2405 1209 2481 άμά,
1236 2407 1367 2472 Cf.Hel.
1380 2407 1450 2473 248,

276 2513 375 2597 Apud
406 2510 617 2576 Theocritum
649 2509 724 2572 Our.
753 2509 792 2572 56
821 2509 935 2590 legitur
965 2515 1056 2587 μίμνε
1087 2511 1198 2585 τάλαν,
1236 2511 1255 2576 i.
1278 2531 1305 2576 e.
1336 2533 1451 2578 manus

277 2619 418 2686 abstine!
450 2615 673 2682 Eudemmodo
697 2615 785 2695 apud
807 2635 881 2680 eum
903 2615 1019 2680 dicitur
1038 2635 1107 2680 voc.
1128 2616 1274 2686 δυττανὸς
1291 2617 1329 2698 ¹in
1352 2637 1450 2683 versu

277 2724 414 2798 δυστανέ,
436 2727 467 2784 τί
487 2743 542 2799 μευ
563 2719 599 2781 τὲ
621 2720 752 2801 χιτώνιον
775 2720 890 2806 &pietur
913 2721 1032 2803 (Adon.
1054 2723 1117 2803 31).

318 2832 371 2896 Sic
402 2830 490 2911 apud
520 2828 657 2892 seriores
687 2827 847 2890 voeabula
879 2829 1038 2906 μοχθηρὸς
1069 2833 1102 2890 et
1132 2830 1257 2904 πονηρὸς
1283 2848 1452 2895 occurrere

277 2939 452 3020 pernotum
483 2937 550 2996 est:
583 2931 682 2996 etiam
712 2931 856 3010 σχέτλιος
889 2932 1019 3008 (Aesch.
1040 2933 1149 2996 Prom.
1171 2933 1247 3012 644,
1276 2935 1350 3000 Eur.
1373 2935 1451 3000 Heu.

279 3043 351 3120 783)
373 3044 405 3104 et
425 3037 573 3113 στυγερὸς
594 3037 706 3118 (Soph.
728 3038 804 3100 Ant.
829 3036 899 3115 144)
921 3038 940 3103 i.
962 3057 992 3119 q.
1015 3038 1139 3113 τλήμων
1161 3037 1362 3120 significant,
1394 3039 1453 3104 sed

210 3197 211 3200 η
278 3147 411 3230 proprio
432 3145 541 3208 miseri
560 3162 667 3206 sensu.

319 3251 418 3316 Haud
439 3250 498 3314 abs
518 3267 553 3314 re
572 3247 669 3311 fuerit
690 3248 752 3311 hoc
764 3247 834 3310 loco
845 3247 1009 3328 paulisper
1021 3247 1055 3312 in
1067 3247 1177 3312 radice
1189 3253 1251 3308 τλα
1264 3249 1452 3328 subsistere,

279 3359 367 3425 unde
397 3357 521 3422 formae
542 3351 643 3426 ἔτλην,
671 3351 806 3423 τέτληκα
828 3356 887 3416 etc.
932 3352 1061 3418 Radicis
1083 3358 1145 3413 τλα
1166 3354 1333 3435 primitiva
1353 3353 1453 3436 signi·

279 3463 386 3530 ficatio
408 3463 457 3526 est
475 3464 578 3538 serre,
596 3459 630 3521 in
651 3459 761 3539 lingua
781 3457 898 3522 Latina
918 3462 1066 3540 superest
1087 3459 1121 3523 in
1145 3459 1258 3523 formis
1280 3461 1450 3542 tarumpro

280 3574 391 3636 uarum
412 3565 474 3648 (uf.
495 3565 630 3643 τλητὸς),
652 3565 711 3627 uui
732 3583 791 3644 pro
813 3565 920 3644 tetuli,
943 3566 1073 3628 tolerare
1095 3565 1167 3628 sim.
1203 3565 1301 3646 Apud
1313 3565 1452 3631 Graecos

279 3675 421 3753 τελαμών
452 3674 501 3736 est
521 3671 638 3734 balteus
658 3669 701 3733 ud
722 3689 822 3733 ensem
843 3670 1017 3750 serendum,
1042 3670 1272 3752 „draagriern”,
1294 3673 1453 3743 πολύτλας

281 3788 330 3848 est
360 3780 416 3864 qui
452 3779 567 3852 „multu
599 3777 699 3854 tuttu’,
726 3775 903 3862 ruttfpuoc
925 3779 974 3840 est
994 3778 1125 3860 elipeum
1146 3797 1273 3860 uerene,
1296 3777 1449 3859 φέματτις.

280 3889 352 3953 Hac
371 3883 529 3968 primaria
549 3882 682 3946 notione
703 3883 846 3959 serendi,
869 3881 1024 3946 tolerandi
1035 3931 1043 3962 ,
1062 3881 1206 3964 patiendi
1225 3882 1354 3964 saepius
1366 3883 1455 3965 apud

282 3993 436 4058 Humum
467 3991 624 4067 occurrit,
656 3992 693 4052 ut
724 4009 750 4053 e.
783 4009 810 4070 g.
842 3989 876 4052 in
904 3991 983 4052 nota
1004 3988 1165 4053 locutione
1187 3990 1328 4059 τετληότι
1350 3993 1451 4065 θυμῶ,

280 4101 432 4184 patienter
454 4095 472 4155 δ
492 4095 570 4172 447,
593 4099 614 4154 λ
638 4095 712 4174 181,
735 4094 767 4154 Ψ
793 4095 857 4158 100.
900 4094 946 4158 Cf.
969 4093 1071 4170 κραδίη
1094 4099 1234 4164 τετληυῖα
1256 4116 1271 4152 ν
1293 4095 1341 4158 ⁰23.
1384 4093 1454 4158 vid.

282 4209 453 4289 praeterea
474 4202 581 4280 Α586,
604 4203 629 4260 Ε
649 4201 716 4280 385,
739 4200 841 4280 Ρ490,
864 4197 973 4280 2433,
995 4199 1103 4278 Trou,
1125 4199 1217 4279 auur,
1242 4199 1335 4278 ν307,
1358 4199 1453 4264 ν311.

322 4313 578 4392 Nonnumquam
598 4312 710 4372 tamen
730 4309 906 4387 usurpatur
926 4324 1023 4370 sensu
1045 4325 1113 4370 use
1132 4304 1333 4390 impetrandi,
1355 4310 1453 4370 suste·

283 4417 379 4484 uendi
399 4435 424 4480 s.
446 4415 586 4481 audendi
597 4411 609 4497 ,'
627 4436 654 4479 e.
676 4433 704 4496 g.
727 4416 754 4474 A
776 4414 833 4478 0327
855 4433 921 4498 sq.:
