3312 5250
813 515 852 578 30

247 697 314 762 iam
335 697 532 778 depravatus
553 693 668 774 tuerit,
696 713 774 758 nam
792 693 881 759 aliud
902 697 1001 760 etiam
1023 696 1169 761 scholion
1191 697 1239 761 est
1259 692 1421 760 traditum

247 801 335 866 hisee
365 801 492 866 verbis:
526 799 633 874 Θήβας
663 799 690 858 δ’
719 797 865 875 ἐλελίζων.
900 797 1020 881 ἐξάρχω
1050 799 1082 862 δὲ
1114 802 1127 861 ὁ
1150 801 1302 876 Διόνοοος,
1327 800 1341 860 ὁ
1365 799 1423 870 τὰς

249 904 356 979 Θήβας
377 904 514 982 ἐλελίζων
534 907 583 968 ναὶ
602 913 685 968 κινῶν
705 913 771 974 ταῖς
790 903 959 985 βακχείαις.
1005 907 1154 972 Tertium
1175 907 1321 971 scholion
1342 907 1424 971 haec

249 1011 368 1076 habet:
392 1008 570 1090 ἐλελίχθων,
593 1009 682 1084 ἥγοον
707 1009 720 1068 ὁ
741 1017 824 1070 νιινών
846 1007 892 1069 διὰ
914 1017 973 1070 τῶν
995 1019 1091 1091 χορῶν
1112 1011 1169 1081 τὰς
1191 1009 1308 1085 Θήβας·
1333 1016 1422 1078 τοῦτο

250 1112 282 1176 δὲ
302 1113 399 1192 ὅμοιόν
419 1113 483 1174 ἐστι
503 1123 546 1193 τῷ
568 1119 743 1193 πολιοοῦχοι
767 1116 880 1192 χθονός
897 1115 1024 1190 (Aesch.
1037 1115 1126 1197 Sept.
1139 1117 1220 1196 111),
1243 1116 1299 1180 ubi
1311 1117 1424 1184 tamen

249 1203 335 1284 male
358 1223 562 1308 provocatur
593 1219 636 1283 ad
666 1218 881 1300 Aeschylum,
914 1221 1002 1301 apud
1034 1241 1130 1303 quem
1164 1227 1347 1301 αολισοῡχος
1377 1222 1426 1285 est

250 1324 356 1388 urbem
390 1331 495 1388 tenena
533 1345 558 1388 s.
599 1331 697 1387 tuens.
740 1322 894 1387 Ceterum
924 1325 1022 1389 hodie
1053 1326 1117 1390 illic
1149 1325 1256 1390 editur
1288 1329 1426 1404 πολίοχον

250 1432 384 1511 propter
403 1433 561 1508 metrum,
583 1449 622 1493 ex
645 1428 802 1492 Dindorfii
825 1431 1063 1495 emendatione.

290 1534 388 1616 Apud
415 1535 600 1599 Aascnrouu
621 1535 747 1612 autem,
770 1535 804 1596 in
825 1554 923 1616 quem
945 1535 1012 1600 iam
1033 1537 1118 1600 uitro
1140 1535 1327 1616 incidimus
1349 1555 1423 1601 ver·

250 1639 330 1729 bum
351 1637 472 1717 ἑλελίζω
494 1658 562 1704 non
584 1641 682 1703 extat.

291 1745 451 1810 Erannos
482 1744 609 1809 duobus
640 1743 718 1808 locis
750 1743 881 1808 exhibet
908 1745 970 1809 hoc
990 1745 1144 1825 verbum,
1174 1765 1315 1827 quorum
1336 1745 1425 1827 prior

253 1853 302 1914 est
334 1850 457 1914 Phoen.
491 1849 588 1913 1514:
619 1848 735 1908 τάλαιν’
767 1849 805 1918 ὡς
826 1845 957 1925 ἕλελῐζω.
1003 1849 1064 1912 Hic
1095 1850 1122 1914 si
1143 1850 1243 1915 fidem
1263 1851 1425 1915 habemus

256 1955 376 2020 scholio
407 1953 617 2031 ταραττομένη
648 1956 761 2029 ἀγωνιῶ
784 1954 948 2035 reddenti,
970 1955 1174 2020 intransitive
1195 1958 1341 2020 sumtum
1363 1955 1425 2019 erit

254 2061 441 2142 dictumque
462 2059 503 2124 de
524 2057 678 2140 spasmi5‚
700 2058 755 2140 qui
776 2058 924 2136 homines
946 2059 1135 2140 desperatos
1158 2062 1195 2124 ut
1219 2059 1356 2138 „mobile
1366 2059 1426 2142 lig·

253 2166 351 2230 num''
385 2163 525 2246 agitant3
556 2165 603 2227 ita
637 2165 750 2227 tamen
773 2167 956 2244 praestaret
977 2164 1072 2229 lectio
1093 2162 1350 2241 alteratione,
1373 2185 1427 2230 ooo

253 2273 388 2350 misera,
408 2257 455 2334 ¹ut
486 2270 640 2332 cruciaria
672 2268 784 2332 dolore.
833 2269 899 2334 Sed
920 2270 1053 2334 omnino
1075 2270 1250 2335 reiicienda
1271 2274 1321 2334 est
1345 2271 1428 2336 haec

256 2377 501 2458 interpretatio,
523 2393 589 2456 qua
609 2375 705 2439 stulte
716 2374 923 2440 confunditur
933 2377 1097 2441 sublestae
1107 2375 1184 2441 fidei
1194 2375 1274 2440 illud
1286 2375 1424 2440 verbum

255 2479 393 2559 ἓλελῐζειν
420 2487 545 2565 quatere
573 2498 647 2543 cum
669 2481 770 2544 altero
791 2481 892 2545 verbo
913 2481 1112 2563 homonyme
1134 2482 1192 2546 sed
1204 2481 1338 2546 minime
1350 2499 1427 2564 syn·

256 2606 377 2670 onymo
398 2585 536 2662 ἑλελῐζειν
556 2584 573 2648 1
598 2605 625 2649 e.
647 2582 748 2646 ἐλελεῦ
771 2586 907 2651 clamore
932 2587 1121 2666 (Herod.'IV
1134 2587 1201 2667 189,
1221 2587 1305 2652 Plut.
1328 2587 1425 2652 Thes.

255 2695 317 2774 11),
348 2693 437 2775 quod
457 2690 652 2756 loraentoadi
672 2709 771 2754 sensu
792 2691 824 2756 h.
845 2675 1076 2775 insumatur,
1105 2697 1142 2757 ut
1162 2693 1242 2757 alias
1264 2693 1305 2758 de
1327 2691 1426 2758 flebili

257 2798 412 2863 lusciniae
433 2801 531 2862 cantu
553 2796 710 2861 adhihent
730 2799 867 2878 poetae,
890 2817 916 2862 e.
938 2817 967 2878 g.
989 2798 1064 2862 Eur.
1089 2797 1158 2863 Hel.
1182 2785 1277 2863 111'8:

536 2915 611 2978 thet
631 2915 677 2977 διὰ
698 2917 811 2996 ξουθᾶν
832 2916 941 2993 γενύων
963 2915 1154 2996 ἐλελιζομένα

578 3025 694 3098 Ξιμῂνοις
715 3019 794 3098 ἐμοῖς
814 3022 963 3102 ξυνεργός.

300 3146 464 3228 Aristoph.
486 3143 546 3210 Ar.
568 3144 647 3208 113ι

597 3263 801 3341 ἐλελιζομένης
822 3265 849 3324 δ’
871 3269 951 3342 ἱεροῖς
972 3264 1094 3342 μέλεσιν

602 3353 704 3447 γένυος
723 3368 842 3449 ξουθῆς.

298 3493 434 3578 Proprie
464 3497 577 3558 tamen
607 3510 675 3556 non
707 3490 816 3555 tristes
849 3492 1006 3556 clamores
1028 3491 1166 3574 indicat,
1196 3494 1254 3558 sed
1277 3493 1380 3559 claros
1401 3497 1434 3559 et

260 3602 358 3681 ahoe,
381 3603 417 3664 ut
438 3597 587 3674 ὀλολύζειν
610 3600 642 3661 et
664 3595 842 3672 ἁλαλάζειν;
867 3596 931 3661 vid.
953 3597 1103 3680 Xenoph.
1124 3598 1231 3663 Anah.
1252 3599 1284 3678 1,
1305 3599 1325 3662 8
1345 3597 1363 3681 ἓ
1387 3599 1432 3664 18.

202 3786 204 3791 ·
299 3755 364 3820 Pro
384 3753 486 3817 verbo
508 3753 599 3832 epiro
619 3751 706 3826 adpo,
739 3750 828 3832 quod
848 3750 882 3814 in
904 3750 1091 3833 Sophocleis
1112 3752 1242 3817 nonnisi
1263 3751 1343 3817 Oed.
1366 3751 1433 3818 Col.

264 3862 341 3927 1159
368 3858 500 3940 legitur,
528 3855 657 3937 tragicis
678 3857 713 3919 in
733 3874 794 3919 usu
817 3859 866 3920 est
886 3855 992 3921 torma
1015 3860 1181 3922 contracta
1201 3860 1280 3934 νῦρὼ
1302 3855 1431 3936 (atrio),

261 3987 360 4051 quam
398 3964 464 4028 iam
505 3961 581 4025 olim
611 3963 851 4042 usurpaverant
881 3962 1078 4044 hymnorum
1111 3962 1276 4044 epicorum
1307 3967 1434 4046 poetae.

261 4072 367 4139 Etiam
398 4067 498 4133 futuri
520 4065 696 4147 aoristique
718 4067 842 4132 formae
865 4067 1019 4148 antiquae
1041 4087 1136 4132 rarae
1157 4069 1234 4131 sunt
1256 4069 1344 4149 apud
1366 4071 1434 4133 tra·

262 4178 347 4261 gicos
379 4174 490 4256 (ιύροω
521 4173 620 4252 Soph.
652 4171 731 4235 Oed.
761 4171 795 4237 C.
820 4173 895 4252 115,
920 4171 1087 4248 ἔννροαΟ.
1110 4173 1280 4243 (1.147ε1
1303 4174 1436 4240 1083in

263 4283 425 4363 canticis),
457 4279 535 4344 satis
565 4278 751 4360 frequentes
772 4297 849 4344 vero
872 4283 948 4344 sunt
972 4281 1091 4356 νῦρήοω
1113 4281 1145 4346 et
1168 4271 1307 4358 ἒιιῧρηοα
1341 4279 1436 4345 Nunc

261 4389 431 4460 videamus
454 4386 495 4452 de
515 4383 759 4468 significatione.
