<?xml version="1.0" encoding="UTF-8"?>
<!DOCTYPE html PUBLIC "-//W3C//DTD XHTML 1.0 Transitional//EN"
    "http://www.w3.org/TR/xhtml1/DTD/xhtml1-transitional.dtd">
<html xmlns="http://www.w3.org/1999/xhtml" xml:lang="en" lang="en">
 <head>
  <title>
</title>
<meta http-equiv="Content-Type" content="text/html;charset=utf-8" />
  <meta name='ocr-system' content='tesseract 3.04.00' />
  <meta name='ocr-capabilities' content='ocr_page ocr_carea ocr_par ocr_line ocrx_word'/>
</head>
<body>
  <div class='ocr_page' id='page_1' title='image "./studiatragicoho00kostgoog_0086.png"; bbox 0 0 3360 5250; ppageno 0'>
   <div class='ocr_carea' id='block_1_1' title="bbox 717 535 852 606">
    <p class='ocr_par' dir='ltr' id='par_1_1' title="bbox 717 535 852 606">
     <span class='ocr_line' id='line_1_1' title="bbox 717 535 852 606; baseline 0 0"><span class='ocrx_word' id='word_1_1' title='bbox 717 535 852 606; x_wconf 83' lang='lat'>&#39;69</span> 
     </span>
    </p>
   </div>
   <div class='ocr_carea' id='block_1_2' title="bbox 244 722 1421 1434">
    <p class='ocr_par' dir='ltr' id='par_1_2' title="bbox 244 722 1419 1103">
     <span class='ocr_line' id='line_1_2' title="bbox 244 722 1419 802; baseline 0.001 -15"><span class='ocrx_word' id='word_1_2' title='bbox 244 724 324 790; x_wconf 78' lang='lat'>499:</span> <span class='ocrx_word' id='word_1_3' title='bbox 355 725 459 800; x_wconf 82' lang='lat' dir='ltr'>fulvus</span> <span class='ocrx_word' id='word_1_4' title='bbox 490 744 527 788; x_wconf 75' lang='lat' dir='ltr'>ea</span> <span class='ocrx_word' id='word_1_5' title='bbox 548 723 610 786; x_wconf 82' lang='lat' dir='ltr'>imo</span> <span class='ocrx_word' id='word_1_6' title='bbox 630 724 726 786; x_wconf 79' lang='lat' dir='ltr'>verrit</span> <span class='ocrx_word' id='word_1_7' title='bbox 746 743 872 787; x_wconf 81' lang='lat' dir='ltr'>arenas.</span> <span class='ocrx_word' id='word_1_8' title='bbox 914 722 962 787; x_wconf 81' lang='lat' dir='ltr'>uf.</span> <span class='ocrx_word' id='word_1_9' title='bbox 985 722 1260 802; x_wconf 88' lang='lat' dir='ltr'>Aristophaneum</span> <span class='ocrx_word' id='word_1_10' title='bbox 1284 723 1362 788; x_wconf 91' lang='lat' dir='ltr'>illud</span> <span class='ocrx_word' id='word_1_11' title='bbox 1386 724 1419 788; x_wconf 94' lang='lat' dir='ltr'>in</span> 
     </span>
     <span class='ocr_line' id='line_1_3' title="bbox 245 826 1419 911; baseline -0.005 -19"><span class='ocrx_word' id='word_1_12' title='bbox 245 829 358 911; x_wconf 81' lang='lat' dir='ltr'>Vespis</span> <span class='ocrx_word' id='word_1_13' title='bbox 381 829 460 905; x_wconf 83' lang='grc'>696,</span> <span class='ocrx_word' id='word_1_14' title='bbox 484 827 540 891; x_wconf 86' lang='lat' dir='ltr'>ubi</span> <span class='ocrx_word' id='word_1_15' title='bbox 561 827 699 908; x_wconf 81' lang='lat' dir='ltr'>figurate</span> <span class='ocrx_word' id='word_1_16' title='bbox 721 827 838 891; x_wconf 79' lang='lat' dir='ltr'>dicitur</span> <span class='ocrx_word' id='word_1_17' title='bbox 861 826 898 898; x_wconf 70' lang='grc' dir='ltr'>ὥς</span> <span class='ocrx_word' id='word_1_18' title='bbox 919 850 976 905; x_wconf 75' lang='grc' dir='ltr'><em>μον</em></span> <span class='ocrx_word' id='word_1_19' title='bbox 997 827 1051 893; x_wconf 68' lang='grc' dir='ltr'>τὴν</span> <span class='ocrx_word' id='word_1_20' title='bbox 1067 835 1136 890; x_wconf 64' lang='lat' dir='ltr'>&amp;iva</span> <span class='ocrx_word' id='word_1_21' title='bbox 1147 830 1320 904; x_wconf 67' lang='lat' dir='ltr'>rapotonem,</span> <span class='ocrx_word' id='word_1_22' title='bbox 1335 848 1419 910; x_wconf 83' lang='lat' dir='ltr'>quae</span> 
     </span>
     <span class='ocr_line' id='line_1_4' title="bbox 244 931 1419 1014; baseline 0 -16"><span class='ocrx_word' id='word_1_23' title='bbox 244 934 346 1000; x_wconf 86' lang='lat' dir='ltr'>verba</span> <span class='ocrx_word' id='word_1_24' title='bbox 367 936 442 1014; x_wconf 85' lang='lat' dir='ltr'>apte</span> <span class='ocrx_word' id='word_1_25' title='bbox 464 932 623 1013; x_wconf 76' lang='lat' dir='ltr'>interpres</span> <span class='ocrx_word' id='word_1_26' title='bbox 647 931 828 996; x_wconf 89' lang='lat' dir='ltr'>Germanus</span> <span class='ocrx_word' id='word_1_27' title='bbox 850 933 966 997; x_wconf 88' lang='lat' dir='ltr'>vertit:</span> <span class='ocrx_word' id='word_1_28' title='bbox 991 934 1069 1010; x_wconf 90' lang='lat' dir='ltr'>„wie</span> <span class='ocrx_word' id='word_1_29' title='bbox 1091 934 1210 997; x_wconf 84' lang='lat' dir='ltr'>wiihlst</span> <span class='ocrx_word' id='word_1_30' title='bbox 1227 933 1270 996; x_wconf 91' lang='lat' dir='ltr'>du</span> <span class='ocrx_word' id='word_1_31' title='bbox 1281 933 1344 998; x_wconf 91' lang='lat' dir='ltr'>mir</span> <span class='ocrx_word' id='word_1_32' title='bbox 1355 934 1419 998; x_wconf 86' lang='lat' dir='ltr'>den</span> 
     </span>
     <span class='ocr_line' id='line_1_5' title="bbox 246 1037 710 1103; baseline -0.004 -1"><span class='ocrx_word' id='word_1_33' title='bbox 246 1038 358 1103; x_wconf 88' lang='lat' dir='ltr'>Grund</span> <span class='ocrx_word' id='word_1_34' title='bbox 379 1039 436 1102; x_wconf 90' lang='lat' dir='ltr'>des</span> <span class='ocrx_word' id='word_1_35' title='bbox 457 1037 603 1101; x_wconf 84' lang='lat' dir='ltr'>Heraens</span> <span class='ocrx_word' id='word_1_36' title='bbox 626 1037 710 1100; x_wconf 86' lang='lat' dir='ltr'>auf.’&#39;</span> 
     </span>
    </p>

    <p class='ocr_par' dir='ltr' id='par_1_3' title="bbox 245 1140 1421 1434">
     <span class='ocr_line' id='line_1_6' title="bbox 285 1140 1421 1219; baseline -0.005 -13"><span class='ocrx_word' id='word_1_37' title='bbox 285 1143 463 1208; x_wconf 80' lang='lat' dir='ltr'>Auscmuus</span> <span class='ocrx_word' id='word_1_38' title='bbox 494 1161 587 1204; x_wconf 90' lang='lat' dir='ltr'>usum</span> <span class='ocrx_word' id='word_1_39' title='bbox 612 1140 747 1204; x_wconf 85' lang='lat' dir='ltr'>Homeri</span> <span class='ocrx_word' id='word_1_40' title='bbox 768 1141 921 1205; x_wconf 90' lang='lat' dir='ltr'>observat</span> <span class='ocrx_word' id='word_1_41' title='bbox 941 1143 1029 1206; x_wconf 88' lang='lat' dir='ltr'>Pers.</span> <span class='ocrx_word' id='word_1_42' title='bbox 1051 1142 1128 1206; x_wconf 82' lang='lat'><strong>818:</strong></span> <span class='ocrx_word' id='word_1_43' title='bbox 1159 1149 1240 1212; x_wconf 60' lang='lat' dir='ltr'>&amp;tvae</span> <span class='ocrx_word' id='word_1_44' title='bbox 1261 1150 1367 1219; x_wconf 74' lang='grc' dir='ltr'><em>νεκρῶν</em></span> <span class='ocrx_word' id='word_1_45' title='bbox 1388 1145 1421 1207; x_wconf 84' lang='lat' dir='ltr'>et</span> 
     </span>
     <span class='ocr_line' id='line_1_7' title="bbox 245 1247 1420 1329; baseline -0.001 -15"><span class='ocrx_word' id='word_1_46' title='bbox 245 1249 284 1314; x_wconf 89' lang='lat' dir='ltr'>fr.</span> <span class='ocrx_word' id='word_1_47' title='bbox 318 1249 377 1312; x_wconf 88' lang='lat'>335</span> <span class='ocrx_word' id='word_1_48' title='bbox 408 1247 449 1311; x_wconf 89' lang='lat' dir='ltr'>de</span> <span class='ocrx_word' id='word_1_49' title='bbox 481 1248 578 1310; x_wconf 82' lang='lat' dir='ltr'>litore.</span> <span class='ocrx_word' id='word_1_50' title='bbox 620 1248 701 1310; x_wconf 87' lang='lat' dir='ltr'>ltem</span> <span class='ocrx_word' id='word_1_51' title='bbox 734 1247 893 1311; x_wconf 81' lang='lat' dir='ltr'>Eumrruus</span> <span class='ocrx_word' id='word_1_52' title='bbox 916 1248 1018 1312; x_wconf 86' lang='lat' dir='ltr'>Andr.</span> <span class='ocrx_word' id='word_1_53' title='bbox 1042 1248 1120 1326; x_wconf 76' lang='lat'>1093</span> <span class='ocrx_word' id='word_1_54' title='bbox 1152 1248 1241 1329; x_wconf 84' lang='lat' dir='ltr'>apud</span> <span class='ocrx_word' id='word_1_55' title='bbox 1262 1249 1420 1313; x_wconf 80' lang='lat' dir='ltr'>Pmonnuu</span> 
     </span>
     <span class='ocr_line' id='line_1_8' title="bbox 246 1343 531 1434; baseline -0.018 -17"><span class='ocrx_word' id='word_1_56' title='bbox 246 1372 312 1417; x_wconf 92' lang='lat' dir='ltr'>non</span> <span class='ocrx_word' id='word_1_57' title='bbox 333 1343 449 1434; x_wconf 81' lang='lat' dir='ltr'>legitur</span> <span class='ocrx_word' id='word_1_58' title='bbox 470 1357 531 1422; x_wconf 64' lang='grc' dir='ltr'><em>νίς.</em></span> 
     </span>
    </p>
   </div>
   <div class='ocr_carea' id='block_1_3' title="bbox 732 1513 927 1522">
    <p class='ocr_par' dir='ltr' id='par_1_4' title="bbox 732 1513 927 1522">
     <span class='ocr_line' id='line_1_9' title="bbox 732 1513 927 1522; baseline 0 -2"><span class='ocrx_word' id='word_1_59' title='bbox 732 1513 927 1522; x_wconf 81' lang='lat'><em>——.—-</em></span> 
     </span>
    </p>
   </div>
   <div class='ocr_carea' id='block_1_4' title="bbox 698 1667 879 1770">
    <p class='ocr_par' dir='ltr' id='par_1_5' title="bbox 698 1667 879 1770">
     <span class='ocr_line' id='line_1_10' title="bbox 698 1667 879 1770; baseline 0.017 -17"><span class='ocrx_word' id='word_1_60' title='bbox 698 1674 700 1679; x_wconf 15' lang='lat' dir='ltr'><em>V</em></span> <span class='ocrx_word' id='word_1_61' title='bbox 785 1667 879 1770; x_wconf 74' lang='grc' dir='ltr'><em>Κάρη.</em></span> 
     </span>
    </p>
   </div>
   <div class='ocr_carea' id='block_1_5' title="bbox 228 1907 1425 4507">
    <p class='ocr_par' dir='ltr' id='par_1_6' title="bbox 246 1907 1420 2410">
     <span class='ocr_line' id='line_1_11' title="bbox 288 1907 1416 1990; baseline 0.001 -19"><span class='ocrx_word' id='word_1_62' title='bbox 288 1909 322 1972; x_wconf 93' lang='lat' dir='ltr'>ln</span> <span class='ocrx_word' id='word_1_63' title='bbox 346 1908 457 1990; x_wconf 82' lang='lat' dir='ltr'>lingua</span> <span class='ocrx_word' id='word_1_64' title='bbox 477 1909 653 1973; x_wconf 81' lang='lat' dir='ltr'>Homerica</span> <span class='ocrx_word' id='word_1_65' title='bbox 674 1927 740 1972; x_wconf 89' lang='lat' dir='ltr'>non</span> <span class='ocrx_word' id='word_1_66' title='bbox 767 1908 808 1972; x_wconf 91' lang='lat' dir='ltr'>de</span> <span class='ocrx_word' id='word_1_67' title='bbox 829 1911 897 1970; x_wconf 92' lang='lat' dir='ltr'>toto</span> <span class='ocrx_word' id='word_1_68' title='bbox 920 1907 1026 1988; x_wconf 84' lang='lat' dir='ltr'>capite</span> <span class='ocrx_word' id='word_1_69' title='bbox 1046 1909 1222 1989; x_wconf 85' lang='lat' dir='ltr'>usurpatur</span> <span class='ocrx_word' id='word_1_70' title='bbox 1244 1907 1302 1973; x_wconf 90' lang='lat' dir='ltr'>sed</span> <span class='ocrx_word' id='word_1_71' title='bbox 1323 1927 1416 1989; x_wconf 87' lang='lat' dir='ltr'>supe·</span> 
     </span>
     <span class='ocr_line' id='line_1_12' title="bbox 246 2013 1418 2095; baseline 0.001 -19"><span class='ocrx_word' id='word_1_72' title='bbox 246 2013 363 2078; x_wconf 88' lang='lat' dir='ltr'>riorem</span> <span class='ocrx_word' id='word_1_73' title='bbox 386 2016 454 2078; x_wconf 89' lang='lat' dir='ltr'>eius</span> <span class='ocrx_word' id='word_1_74' title='bbox 475 2018 604 2095; x_wconf 89' lang='lat' dir='ltr'>partem</span> <span class='ocrx_word' id='word_1_75' title='bbox 626 2014 754 2088; x_wconf 78' lang='lat' dir='ltr'>indicat,</span> <span class='ocrx_word' id='word_1_76' title='bbox 777 2032 862 2095; x_wconf 88' lang='lat' dir='ltr'>quae</span> <span class='ocrx_word' id='word_1_77' title='bbox 875 2013 1044 2076; x_wconf 84' lang='lat' dir='ltr'>cerebrum</span> <span class='ocrx_word' id='word_1_78' title='bbox 1056 2013 1200 2077; x_wconf 87' lang='lat' dir='ltr'>continet</span> <span class='ocrx_word' id='word_1_79' title='bbox 1212 2013 1418 2094; x_wconf 87' lang='lat' dir='ltr'>crinibusque</span> 
     </span>
     <span class='ocr_line' id='line_1_13' title="bbox 246 2117 1419 2199; baseline -0.001 -17"><span class='ocrx_word' id='word_1_80' title='bbox 246 2122 331 2182; x_wconf 84' lang='lat' dir='ltr'>tecta</span> <span class='ocrx_word' id='word_1_81' title='bbox 352 2122 415 2198; x_wconf 86' lang='lat' dir='ltr'>est,</span> <span class='ocrx_word' id='word_1_82' title='bbox 438 2121 577 2182; x_wconf 81' lang='lat' dir='ltr'>verticem</span> <span class='ocrx_word' id='word_1_83' title='bbox 596 2118 692 2199; x_wconf 84' lang='lat' dir='ltr'>igitur</span> <span class='ocrx_word' id='word_1_84' title='bbox 711 2118 763 2182; x_wconf 85' lang='lat' dir='ltr'>vel</span> <span class='ocrx_word' id='word_1_85' title='bbox 784 2119 912 2194; x_wconf 81' lang='lat' dir='ltr'>calonna,</span> <span class='ocrx_word' id='word_1_86' title='bbox 934 2121 1081 2180; x_wconf 87' lang='lat' dir='ltr'>nostrum</span> <span class='ocrx_word' id='word_1_87' title='bbox 1108 2119 1328 2199; x_wconf 84' lang='lat' dir='ltr'>„hersenpan”</span> <span class='ocrx_word' id='word_1_88' title='bbox 1350 2117 1419 2182; x_wconf 88' lang='lat' dir='ltr'>sive</span> 
     </span>
     <span class='ocr_line' id='line_1_14' title="bbox 250 2221 1419 2304; baseline 0 -18"><span class='ocrx_word' id='word_1_89' title='bbox 250 2223 390 2301; x_wconf 84' lang='lat' dir='ltr'>„kruin”</span> <span class='ocrx_word' id='word_1_90' title='bbox 432 2222 640 2304; x_wconf 84' lang='lat' dir='ltr'><strong>Quamquam</strong></span> <span class='ocrx_word' id='word_1_91' title='bbox 661 2241 729 2286; x_wconf 93' lang='lat' dir='ltr'>non</span> <span class='ocrx_word' id='word_1_92' title='bbox 750 2221 845 2285; x_wconf 88' lang='lat' dir='ltr'>nimis</span> <span class='ocrx_word' id='word_1_93' title='bbox 865 2221 1046 2304; x_wconf 73' lang='lat' dir='ltr'>ungendam</span> <span class='ocrx_word' id='word_1_94' title='bbox 1068 2241 1139 2286; x_wconf 88' lang='lat' dir='ltr'>esse</span> <span class='ocrx_word' id='word_1_95' title='bbox 1159 2223 1244 2286; x_wconf 88' lang='lat' dir='ltr'>hano</span> <span class='ocrx_word' id='word_1_96' title='bbox 1257 2221 1419 2302; x_wconf 82' lang='lat' dir='ltr'>significa·</span> 
     </span>
     <span class='ocr_line' id='line_1_15' title="bbox 246 2326 1420 2410; baseline -0.002 -18"><span class='ocrx_word' id='word_1_97' title='bbox 246 2329 367 2392; x_wconf 85' lang='lat' dir='ltr'>tionem</span> <span class='ocrx_word' id='word_1_98' title='bbox 399 2327 457 2392; x_wconf 91' lang='lat' dir='ltr'>sed</span> <span class='ocrx_word' id='word_1_99' title='bbox 488 2327 607 2409; x_wconf 89' lang='lat' dir='ltr'>passim</span> <span class='ocrx_word' id='word_1_100' title='bbox 640 2331 726 2391; x_wconf 90' lang='lat' dir='ltr'>recte</span> <span class='ocrx_word' id='word_1_101' title='bbox 757 2327 839 2390; x_wconf 90' lang='lat' dir='ltr'>verti</span> <span class='ocrx_word' id='word_1_102' title='bbox 869 2345 965 2407; x_wconf 90' lang='lat' dir='ltr'>posse</span> <span class='ocrx_word' id='word_1_103' title='bbox 997 2333 1089 2410; x_wconf 81' lang='lat' dir='ltr'>caput</span> <span class='ocrx_word' id='word_1_104' title='bbox 1110 2326 1203 2390; x_wconf 84' lang='lat' dir='ltr'>facile</span> <span class='ocrx_word' id='word_1_105' title='bbox 1224 2326 1420 2408; x_wconf 81' lang='lat' dir='ltr'>intelligitur.</span> 
     </span>
    </p>

    <p class='ocr_par' dir='ltr' id='par_1_7' title="bbox 228 2431 1420 2511">
     <span class='ocr_line' id='line_1_16' title="bbox 228 2431 1420 2511; baseline -0.001 -14"><span class='ocrx_word' id='word_1_106' title='bbox 228 2433 369 2497; x_wconf 86' lang='lat' dir='ltr'>¹Dicitur</span> <span class='ocrx_word' id='word_1_107' title='bbox 390 2436 500 2497; x_wconf 84' lang='lat' dir='ltr'>autem</span> <span class='ocrx_word' id='word_1_108' title='bbox 522 2453 595 2496; x_wconf 85' lang='lat' dir='ltr'>cum</span> <span class='ocrx_word' id='word_1_109' title='bbox 608 2432 865 2508; x_wconf 80' lang='lat' dir='ltr'>dehominibuS‚</span> <span class='ocrx_word' id='word_1_110' title='bbox 887 2436 956 2496; x_wconf 89' lang='lat' dir='ltr'>tum</span> <span class='ocrx_word' id='word_1_111' title='bbox 970 2431 1236 2511; x_wconf 77' lang='lat' dir='ltr'>deanimalibuS‚</span> <span class='ocrx_word' id='word_1_112' title='bbox 1258 2435 1292 2495; x_wconf 90' lang='lat' dir='ltr'>et</span> <span class='ocrx_word' id='word_1_113' title='bbox 1303 2433 1420 2496; x_wconf 86' lang='lat' dir='ltr'>tralate</span> 
     </span>
    </p>

    <p class='ocr_par' dir='ltr' id='par_1_8' title="bbox 248 2535 1421 3140">
     <span class='ocr_line' id='line_1_17' title="bbox 248 2535 1419 2617; baseline -0.004 -15"><span class='ocrx_word' id='word_1_114' title='bbox 248 2538 344 2602; x_wconf 89' lang='lat' dir='ltr'>etiam</span> <span class='ocrx_word' id='word_1_115' title='bbox 378 2538 418 2601; x_wconf 91' lang='lat' dir='ltr'>de</span> <span class='ocrx_word' id='word_1_116' title='bbox 449 2538 569 2600; x_wconf 87' lang='lat' dir='ltr'>montis</span> <span class='ocrx_word' id='word_1_117' title='bbox 590 2537 757 2601; x_wconf 83' lang='lat' dir='ltr'>cacumine</span> <span class='ocrx_word' id='word_1_118' title='bbox 780 2538 927 2616; x_wconf 85' lang='lat' dir='ltr'>usurpari</span> <span class='ocrx_word' id='word_1_119' title='bbox 950 2540 1076 2617; x_wconf 87' lang='lat' dir='ltr'>potest:</span> <span class='ocrx_word' id='word_1_120' title='bbox 1108 2536 1149 2609; x_wconf 83' lang='lat' dir='ltr'>(T</span> <span class='ocrx_word' id='word_1_121' title='bbox 1173 2539 1211 2600; x_wconf 91' lang='lat'>5:</span> <span class='ocrx_word' id='word_1_122' title='bbox 1233 2535 1343 2612; x_wconf 76' lang='grc' dir='ltr'><em>κρατὸς</em></span> <span class='ocrx_word' id='word_1_123' title='bbox 1364 2535 1419 2597; x_wconf 57' lang='grc' dir='ltr'>ἀπ’</span> 
     </span>
     <span class='ocr_line' id='line_1_18' title="bbox 248 2640 1421 2722; baseline 0.001 -17"><span class='ocrx_word' id='word_1_124' title='bbox 248 2641 421 2719; x_wconf 73' lang='grc' dir='ltr'><em>Οὐλύμποιο</em></span> <span class='ocrx_word' id='word_1_125' title='bbox 452 2641 672 2722; x_wconf 75' lang='grc' dir='ltr'>πολυπτύχου),</span> <span class='ocrx_word' id='word_1_126' title='bbox 695 2644 731 2704; x_wconf 86' lang='lat' dir='ltr'>ut</span> <span class='ocrx_word' id='word_1_127' title='bbox 752 2642 828 2705; x_wconf 85' lang='lat' dir='ltr'>alibi</span> <span class='ocrx_word' id='word_1_128' title='bbox 849 2641 937 2715; x_wconf 73' lang='grc' dir='ltr'><em>δειραὶ</em></span> <span class='ocrx_word' id='word_1_129' title='bbox 958 2643 1016 2705; x_wconf 80' lang='lat' dir='ltr'>ete.</span> <span class='ocrx_word' id='word_1_130' title='bbox 1038 2640 1227 2704; x_wconf 83' lang='lat' dir='ltr'>tribuuntur</span> <span class='ocrx_word' id='word_1_131' title='bbox 1243 2641 1421 2706; x_wconf 80' lang='lat' dir='ltr'>montibus.</span> 
     </span>
     <span class='ocr_line' id='line_1_19' title="bbox 249 2746 1420 2828; baseline 0.001 -18"><span class='ocrx_word' id='word_1_132' title='bbox 249 2748 319 2812; x_wconf 86' lang='lat' dir='ltr'>lloo</span> <span class='ocrx_word' id='word_1_133' title='bbox 339 2752 451 2811; x_wconf 91' lang='lat' dir='ltr'>tamen</span> <span class='ocrx_word' id='word_1_134' title='bbox 472 2766 570 2811; x_wconf 91' lang='lat' dir='ltr'>sensu</span> <span class='ocrx_word' id='word_1_135' title='bbox 590 2748 720 2828; x_wconf 83' lang='lat' dir='ltr'>saepius</span> <span class='ocrx_word' id='word_1_136' title='bbox 741 2747 880 2809; x_wconf 82' lang='lat' dir='ltr'>sumitur</span> <span class='ocrx_word' id='word_1_137' title='bbox 900 2746 982 2827; x_wconf 90' lang='lat' dir='ltr'>plur.</span> <span class='ocrx_word' id='word_1_138' title='bbox 1004 2747 1115 2821; x_wconf 79' lang='grc' dir='ltr'><em>κάρηνα</em></span> <span class='ocrx_word' id='word_1_139' title='bbox 1137 2746 1180 2825; x_wconf 88' lang='grc' dir='ltr'>(Α</span> <span class='ocrx_word' id='word_1_140' title='bbox 1200 2746 1260 2823; x_wconf 89' lang='grc'>44,</span> <span class='ocrx_word' id='word_1_141' title='bbox 1293 2748 1316 2806; x_wconf 92' lang='grc' dir='ltr'>Β</span> <span class='ocrx_word' id='word_1_142' title='bbox 1338 2746 1420 2827; x_wconf 88' lang='grc'>869,</span> 
     </span>
     <span class='ocr_line' id='line_1_20' title="bbox 249 2849 1421 2933; baseline -0.002 -21"><span class='ocrx_word' id='word_1_143' title='bbox 249 2851 278 2912; x_wconf 84' lang='grc' dir='ltr'>Υ</span> <span class='ocrx_word' id='word_1_144' title='bbox 296 2853 353 2931; x_wconf 86' lang='grc'>58,</span> <span class='ocrx_word' id='word_1_145' title='bbox 374 2874 394 2912; x_wconf 83' lang='grc' dir='ltr'><strong><em>α</em></strong></span> <span class='ocrx_word' id='word_1_146' title='bbox 417 2852 506 2930; x_wconf 72' lang='grc'>109),</span> <span class='ocrx_word' id='word_1_147' title='bbox 538 2851 626 2933; x_wconf 89' lang='lat' dir='ltr'>quod</span> <span class='ocrx_word' id='word_1_148' title='bbox 648 2851 688 2914; x_wconf 91' lang='lat' dir='ltr'>de</span> <span class='ocrx_word' id='word_1_149' title='bbox 710 2851 840 2915; x_wconf 87' lang='lat' dir='ltr'>urbium</span> <span class='ocrx_word' id='word_1_150' title='bbox 861 2869 991 2932; x_wconf 89' lang='lat' dir='ltr'>quoque</span> <span class='ocrx_word' id='word_1_151' title='bbox 1013 2849 1138 2914; x_wconf 77' lang='lat' dir='ltr'>arcibus</span> <span class='ocrx_word' id='word_1_152' title='bbox 1159 2850 1354 2927; x_wconf 84' lang='lat' dir='ltr'>adhibetur,</span> <span class='ocrx_word' id='word_1_153' title='bbox 1385 2852 1421 2926; x_wconf 90' lang='grc' dir='ltr'>(Β</span> 
     </span>
     <span class='ocr_line' id='line_1_21' title="bbox 251 2955 1420 3038; baseline 0.002 -20"><span class='ocrx_word' id='word_1_154' title='bbox 251 2957 328 3030; x_wconf 92' lang='grc'>117,</span> <span class='ocrx_word' id='word_1_155' title='bbox 358 2959 371 3016; x_wconf 92' lang='grc' dir='ltr'>Ι</span> <span class='ocrx_word' id='word_1_156' title='bbox 393 2956 452 3030; x_wconf 68' lang='lat' dir='ltr'>tt).</span> <span class='ocrx_word' id='word_1_157' title='bbox 493 2956 670 3019; x_wconf 86' lang='lat' dir='ltr'>Praeterea</span> <span class='ocrx_word' id='word_1_158' title='bbox 701 2957 845 3017; x_wconf 79' lang='lat' dir='ltr'>nltimam</span> <span class='ocrx_word' id='word_1_159' title='bbox 873 2959 985 3036; x_wconf 88' lang='lat' dir='ltr'>portus</span> <span class='ocrx_word' id='word_1_160' title='bbox 1005 2962 1127 3038; x_wconf 81' lang='lat' dir='ltr'>partem</span> <span class='ocrx_word' id='word_1_161' title='bbox 1148 2955 1289 3032; x_wconf 83' lang='lat' dir='ltr'>indicat,</span> <span class='ocrx_word' id='word_1_162' title='bbox 1311 2978 1319 3014; x_wconf 84' lang='grc' dir='ltr'><strong><em>ι</em></strong></span> <span class='ocrx_word' id='word_1_163' title='bbox 1341 2955 1420 3020; x_wconf 78' lang='grc' dir='ltr'>14οε</span> 
     </span>
     <span class='ocr_line' id='line_1_22' title="bbox 248 3058 1310 3140; baseline 0.004 -19"><span class='ocrx_word' id='word_1_164' title='bbox 248 3060 342 3138; x_wconf 74' lang='grc' dir='ltr'><em>αὐτὰρ</em></span> <span class='ocrx_word' id='word_1_165' title='bbox 363 3058 409 3122; x_wconf 76' lang='grc' dir='ltr'>ἐπὶ</span> <span class='ocrx_word' id='word_1_166' title='bbox 426 3058 536 3137; x_wconf 78' lang='grc' dir='ltr'><em>κρατὸς</em></span> <span class='ocrx_word' id='word_1_167' title='bbox 558 3061 674 3138; x_wconf 79' lang='grc' dir='ltr'><em>λιμένος</em></span> <span class='ocrx_word' id='word_1_168' title='bbox 694 3061 747 3137; x_wconf 81' lang='grc' dir='ltr'><em>ῥέει</em></span> <span class='ocrx_word' id='word_1_169' title='bbox 767 3059 886 3136; x_wconf 70' lang='grc' dir='ltr'><em>ἀγλαὸν</em></span> <span class='ocrx_word' id='word_1_170' title='bbox 906 3059 991 3136; x_wconf 72' lang='grc' dir='ltr'><em>ὕδωρ.</em></span> <span class='ocrx_word' id='word_1_171' title='bbox 1037 3060 1084 3125; x_wconf 87' lang='lat' dir='ltr'>Cf.</span> <span class='ocrx_word' id='word_1_172' title='bbox 1105 3083 1121 3120; x_wconf 90' lang='grc' dir='ltr'><em>ν</em></span> <span class='ocrx_word' id='word_1_173' title='bbox 1144 3062 1220 3140; x_wconf 72' lang='lat' dir='ltr'>lot,</span> <span class='ocrx_word' id='word_1_174' title='bbox 1242 3061 1310 3125; x_wconf 81' lang='grc'>346.</span> 
     </span>
    </p>

    <p class='ocr_par' dir='ltr' id='par_1_9' title="bbox 248 3165 1423 3668">
     <span class='ocr_line' id='line_1_23' title="bbox 289 3165 1421 3250; baseline 0.002 -20"><span class='ocrx_word' id='word_1_175' title='bbox 289 3166 380 3230; x_wconf 87' lang='lat' dir='ltr'>Haeo</span> <span class='ocrx_word' id='word_1_176' title='bbox 410 3166 522 3230; x_wconf 91' lang='lat' dir='ltr'>omnia</span> <span class='ocrx_word' id='word_1_177' title='bbox 553 3166 652 3230; x_wconf 89' lang='lat' dir='ltr'>etiam</span> <span class='ocrx_word' id='word_1_178' title='bbox 684 3167 772 3245; x_wconf 86' lang='lat' dir='ltr'>apud</span> <span class='ocrx_word' id='word_1_179' title='bbox 793 3165 979 3230; x_wconf 81' lang='lat' dir='ltr'>Soruouuun</span> <span class='ocrx_word' id='word_1_180' title='bbox 1000 3166 1167 3230; x_wconf 86' lang='lat' dir='ltr'>observari</span> <span class='ocrx_word' id='word_1_181' title='bbox 1188 3169 1344 3247; x_wconf 87' lang='lat' dir='ltr'>possunt,</span> <span class='ocrx_word' id='word_1_182' title='bbox 1366 3169 1421 3250; x_wconf 90' lang='lat' dir='ltr'>qui</span> 
     </span>
     <span class='ocr_line' id='line_1_24' title="bbox 248 3271 1423 3353; baseline 0.003 -18"><span class='ocrx_word' id='word_1_183' title='bbox 248 3291 378 3353; x_wconf 85' lang='lat' dir='ltr'>semper</span> <span class='ocrx_word' id='word_1_184' title='bbox 396 3271 498 3334; x_wconf 89' lang='lat' dir='ltr'>utitur</span> <span class='ocrx_word' id='word_1_185' title='bbox 518 3271 624 3334; x_wconf 83' lang='lat' dir='ltr'>forma</span> <span class='ocrx_word' id='word_1_186' title='bbox 645 3273 746 3347; x_wconf 76' lang='grc' dir='ltr'><em>νάρᾶ,</em></span> <span class='ocrx_word' id='word_1_187' title='bbox 767 3271 826 3335; x_wconf 90' lang='lat' dir='ltr'>sed</span> <span class='ocrx_word' id='word_1_188' title='bbox 847 3271 935 3351; x_wconf 90' lang='lat' dir='ltr'>apud</span> <span class='ocrx_word' id='word_1_189' title='bbox 957 3291 1030 3334; x_wconf 89' lang='lat' dir='ltr'>eum</span> <span class='ocrx_word' id='word_1_190' title='bbox 1054 3271 1152 3334; x_wconf 86' lang='lat' dir='ltr'>etiam</span> <span class='ocrx_word' id='word_1_191' title='bbox 1173 3271 1368 3336; x_wconf 84' lang='lat' dir='ltr'>transfertur</span> <span class='ocrx_word' id='word_1_192' title='bbox 1380 3274 1423 3337; x_wconf 90' lang='lat' dir='ltr'>ad</span> 
     </span>
     <span class='ocr_line' id='line_1_25' title="bbox 249 3371 1419 3455; baseline -0.001 -16"><span class='ocrx_word' id='word_1_193' title='bbox 249 3378 366 3440; x_wconf 81' lang='lat' dir='ltr'>uultum</span> <span class='ocrx_word' id='word_1_194' title='bbox 388 3375 607 3439; x_wconf 80' lang='lat' dir='ltr'>indicandum.</span> <span class='ocrx_word' id='word_1_195' title='bbox 637 3375 682 3438; x_wconf 82' lang='lat' dir='ltr'>El.</span> <span class='ocrx_word' id='word_1_196' title='bbox 707 3375 802 3438; x_wconf 83' lang='grc' dir='ltr'>131οτ</span> <span class='ocrx_word' id='word_1_197' title='bbox 825 3375 936 3450; x_wconf 72' lang='grc' dir='ltr'><em>γέλωτι</em></span> <span class='ocrx_word' id='word_1_198' title='bbox 957 3371 1073 3454; x_wconf 75' lang='grc' dir='ltr'><em>φαιδρὸν</em></span> <span class='ocrx_word' id='word_1_199' title='bbox 1093 3372 1203 3451; x_wconf 72' lang='grc' dir='ltr'><em>τούμὸν</em></span> <span class='ocrx_word' id='word_1_200' title='bbox 1223 3375 1419 3455; x_wconf 76' lang='grc' dir='ltr'><em>ὅψεταινάρα.</em></span> 
     </span>
     <span class='ocr_line' id='line_1_26' title="bbox 250 3479 1423 3560; baseline 0.002 -14"><span class='ocrx_word' id='word_1_201' title='bbox 250 3482 298 3546; x_wconf 78' lang='lat' dir='ltr'>Cf.</span> <span class='ocrx_word' id='word_1_202' title='bbox 329 3481 365 3545; x_wconf 92' lang='lat'>0.</span> <span class='ocrx_word' id='word_1_203' title='bbox 389 3479 422 3545; x_wconf 84' lang='lat' dir='ltr'>G.</span> <span class='ocrx_word' id='word_1_204' title='bbox 444 3481 523 3556; x_wconf 84' lang='lat'>555,</span> <span class='ocrx_word' id='word_1_205' title='bbox 552 3481 608 3544; x_wconf 90' lang='lat' dir='ltr'>ubi</span> <span class='ocrx_word' id='word_1_206' title='bbox 630 3479 665 3539; x_wconf 82' lang='grc' dir='ltr'>τὸ</span> <span class='ocrx_word' id='word_1_207' title='bbox 687 3479 830 3551; x_wconf 74' lang='grc' dir='ltr'><em>δύστηνον</em></span> <span class='ocrx_word' id='word_1_208' title='bbox 852 3481 928 3556; x_wconf 78' lang='grc' dir='ltr'><em>κάρα</em></span> <span class='ocrx_word' id='word_1_209' title='bbox 958 3479 1183 3560; x_wconf 85' lang='lat' dir='ltr'>accipiendum</span> <span class='ocrx_word' id='word_1_210' title='bbox 1205 3483 1254 3544; x_wconf 92' lang='lat' dir='ltr'>est</span> <span class='ocrx_word' id='word_1_211' title='bbox 1275 3482 1316 3546; x_wconf 89' lang='lat' dir='ltr'>de</span> <span class='ocrx_word' id='word_1_212' title='bbox 1336 3503 1423 3548; x_wconf 80' lang='lat' dir='ltr'>coeco</span> 
     </span>
     <span class='ocr_line' id='line_1_27' title="bbox 249 3585 753 3668; baseline -0.008 -18"><span class='ocrx_word' id='word_1_213' title='bbox 249 3586 364 3668; x_wconf 87' lang='lat' dir='ltr'>Oedipi</span> <span class='ocrx_word' id='word_1_214' title='bbox 385 3588 471 3650; x_wconf 83' lang='lat' dir='ltr'>vultu</span> <span class='ocrx_word' id='word_1_215' title='bbox 481 3609 494 3668; x_wconf 87' lang='lat'><em>;</em></span> <span class='ocrx_word' id='word_1_216' title='bbox 517 3585 564 3650; x_wconf 88' lang='lat' dir='ltr'>Cf.</span> <span class='ocrx_word' id='word_1_217' title='bbox 587 3587 662 3648; x_wconf 90' lang='lat' dir='ltr'>Ant.</span> <span class='ocrx_word' id='word_1_218' title='bbox 684 3585 753 3648; x_wconf 88' lang='grc'>764.</span> 
     </span>
    </p>

    <p class='ocr_par' dir='ltr' id='par_1_10' title="bbox 249 3689 1425 4507">
     <span class='ocr_line' id='line_1_28' title="bbox 289 3689 1423 3773; baseline 0.003 -18"><span class='ocrx_word' id='word_1_219' title='bbox 289 3692 477 3756; x_wconf 86' lang='lat' dir='ltr'>Notandum</span> <span class='ocrx_word' id='word_1_220' title='bbox 501 3711 631 3772; x_wconf 84' lang='lat' dir='ltr'>quoque</span> <span class='ocrx_word' id='word_1_221' title='bbox 653 3691 714 3754; x_wconf 89' lang='lat' dir='ltr'>hoo</span> <span class='ocrx_word' id='word_1_222' title='bbox 735 3689 930 3752; x_wconf 86' lang='lat' dir='ltr'>vocabulum</span> <span class='ocrx_word' id='word_1_223' title='bbox 952 3689 1227 3754; x_wconf 86' lang='lat' dir='ltr'>circumlocutioni</span> <span class='ocrx_word' id='word_1_224' title='bbox 1248 3691 1423 3773; x_wconf 85' lang='lat' dir='ltr'>inservire,</span> 
     </span>
     <span class='ocr_line' id='line_1_29' title="bbox 250 3784 1423 3879; baseline 0.009 -26"><span class='ocrx_word' id='word_1_225' title='bbox 250 3800 286 3859; x_wconf 83' lang='lat' dir='ltr'>ut</span> <span class='ocrx_word' id='word_1_226' title='bbox 307 3799 381 3860; x_wconf 80' lang='lat' dir='ltr'>Ant.</span> <span class='ocrx_word' id='word_1_227' title='bbox 407 3798 442 3860; x_wconf 90' lang='lat' dir='ltr'>l:</span> <span class='ocrx_word' id='word_1_228' title='bbox 465 3784 485 3854; x_wconf 72' lang='grc'>6</span> <span class='ocrx_word' id='word_1_229' title='bbox 506 3794 597 3858; x_wconf 71' lang='grc' dir='ltr'><em>κοινὸν</em></span> <span class='ocrx_word' id='word_1_230' title='bbox 619 3795 802 3875; x_wconf 77' lang='grc' dir='ltr'><em>ἁντὰδελφνν</em></span> <span class='ocrx_word' id='word_1_231' title='bbox 825 3797 964 3871; x_wconf 76' lang='grc' dir='ltr'><em>Ἰσμήνης</em></span> <span class='ocrx_word' id='word_1_232' title='bbox 984 3796 1080 3871; x_wconf 81' lang='grc' dir='ltr'>κάρα,</span> <span class='ocrx_word' id='word_1_233' title='bbox 1105 3795 1143 3858; x_wconf 85' lang='lat' dir='ltr'>cf.</span> <span class='ocrx_word' id='word_1_234' title='bbox 1166 3795 1203 3860; x_wconf 92' lang='grc' dir='ltr'>Ο.</span> <span class='ocrx_word' id='word_1_235' title='bbox 1224 3797 1263 3861; x_wconf 87' lang='lat' dir='ltr'>R.</span> <span class='ocrx_word' id='word_1_236' title='bbox 1274 3798 1333 3879; x_wconf 89' lang='grc'>40,</span> <span class='ocrx_word' id='word_1_237' title='bbox 1354 3801 1423 3879; x_wconf 86' lang='grc'>950,</span> 
     </span>
     <span class='ocr_line' id='line_1_30' title="bbox 251 3900 1424 3981; baseline 0.003 -17"><span class='ocrx_word' id='word_1_238' title='bbox 251 3901 338 3981; x_wconf 74' lang='lat' dir='ltr'>taor,</span> <span class='ocrx_word' id='word_1_239' title='bbox 362 3901 447 3965; x_wconf 77' lang='grc'>1935.</span> <span class='ocrx_word' id='word_1_240' title='bbox 490 3901 526 3964; x_wconf 92' lang='grc' dir='ltr'>Ο.</span> <span class='ocrx_word' id='word_1_241' title='bbox 550 3901 685 3976; x_wconf 70' lang='grc'>(1.391,</span> <span class='ocrx_word' id='word_1_242' title='bbox 717 3900 801 3963; x_wconf 89' lang='grc'>1657.</span> <span class='ocrx_word' id='word_1_243' title='bbox 828 3935 862 3943; x_wconf 89' lang='lat'>—-</span> <span class='ocrx_word' id='word_1_244' title='bbox 887 3900 970 3964; x_wconf 85' lang='lat' dir='ltr'>Cum</span> <span class='ocrx_word' id='word_1_245' title='bbox 991 3901 1060 3963; x_wconf 86' lang='lat' dir='ltr'>solo</span> <span class='ocrx_word' id='word_1_246' title='bbox 1083 3900 1242 3965; x_wconf 86' lang='lat' dir='ltr'>adieetivo</span> <span class='ocrx_word' id='word_1_247' title='bbox 1263 3902 1309 3966; x_wconf 89' lang='lat' dir='ltr'>ita</span> <span class='ocrx_word' id='word_1_248' title='bbox 1330 3903 1424 3968; x_wconf 86' lang='lat' dir='ltr'>adhi-</span> 
     </span>
     <span class='ocr_line' id='line_1_31' title="bbox 249 3993 1424 4087; baseline 0.002 -17"><span class='ocrx_word' id='word_1_249' title='bbox 249 4007 353 4070; x_wconf 86' lang='lat' dir='ltr'>bitum</span> <span class='ocrx_word' id='word_1_250' title='bbox 385 4010 434 4070; x_wconf 92' lang='lat' dir='ltr'>est</span> <span class='ocrx_word' id='word_1_251' title='bbox 471 4005 507 4070; x_wconf 92' lang='lat'>0.</span> <span class='ocrx_word' id='word_1_252' title='bbox 531 4005 565 4070; x_wconf 87' lang='lat' dir='ltr'>C.</span> <span class='ocrx_word' id='word_1_253' title='bbox 591 4007 686 4069; x_wconf 78' lang='lat'>1631:</span> <span class='ocrx_word' id='word_1_254' title='bbox 718 3993 843 4085; x_wconf 72' lang='grc' dir='ltr'><em>ὦφίλον</em></span> <span class='ocrx_word' id='word_1_255' title='bbox 864 4007 963 4080; x_wconf 69' lang='grc' dir='ltr'>κάρα,</span> <span class='ocrx_word' id='word_1_256' title='bbox 998 4006 1036 4070; x_wconf 85' lang='lat' dir='ltr'>cl.</span> <span class='ocrx_word' id='word_1_257' title='bbox 1058 4005 1134 4071; x_wconf 89' lang='lat' dir='ltr'>Ant.</span> <span class='ocrx_word' id='word_1_258' title='bbox 1157 4008 1235 4086; x_wconf 82' lang='grc'>899,</span> <span class='ocrx_word' id='word_1_259' title='bbox 1267 4010 1346 4087; x_wconf 89' lang='grc'>915;</span> <span class='ocrx_word' id='word_1_260' title='bbox 1378 4010 1424 4074; x_wconf 82' lang='lat' dir='ltr'>El.</span> 
     </span>
     <span class='ocr_line' id='line_1_32' title="bbox 252 4109 1424 4194; baseline 0.003 -20"><span class='ocrx_word' id='word_1_261' title='bbox 252 4111 338 4174; x_wconf 88' lang='grc'>1164.</span> <span class='ocrx_word' id='word_1_262' title='bbox 380 4111 431 4173; x_wconf 84' lang='lat' dir='ltr'>Sic</span> <span class='ocrx_word' id='word_1_263' title='bbox 463 4115 580 4192; x_wconf 88' lang='lat' dir='ltr'>poetae</span> <span class='ocrx_word' id='word_1_264' title='bbox 602 4111 683 4191; x_wconf 87' lang='lat' dir='ltr'>epici</span> <span class='ocrx_word' id='word_1_265' title='bbox 705 4109 793 4191; x_wconf 91' lang='lat' dir='ltr'>loqui</span> <span class='ocrx_word' id='word_1_266' title='bbox 814 4129 881 4173; x_wconf 92' lang='lat' dir='ltr'>non</span> <span class='ocrx_word' id='word_1_267' title='bbox 902 4110 1005 4190; x_wconf 81' lang='lat' dir='ltr'>magis</span> <span class='ocrx_word' id='word_1_268' title='bbox 1026 4111 1206 4191; x_wconf 87' lang='lat' dir='ltr'>potuissent</span> <span class='ocrx_word' id='word_1_269' title='bbox 1226 4132 1326 4194; x_wconf 87' lang='lat' dir='ltr'>quam</span> <span class='ocrx_word' id='word_1_270' title='bbox 1348 4132 1424 4178; x_wconf 90' lang='lat' dir='ltr'>nos-</span> 
     </span>
     <span class='ocr_line' id='line_1_33' title="bbox 250 4215 1424 4300; baseline 0.002 -20"><span class='ocrx_word' id='word_1_271' title='bbox 250 4219 372 4280; x_wconf 87' lang='lat' dir='ltr'>tratum</span> <span class='ocrx_word' id='word_1_272' title='bbox 404 4216 499 4279; x_wconf 86' lang='lat' dir='ltr'>alicui</span> <span class='ocrx_word' id='word_1_273' title='bbox 530 4216 563 4278; x_wconf 89' lang='lat' dir='ltr'>in</span> <span class='ocrx_word' id='word_1_274' title='bbox 595 4218 739 4278; x_wconf 89' lang='lat' dir='ltr'>mentem</span> <span class='ocrx_word' id='word_1_275' title='bbox 771 4215 881 4278; x_wconf 88' lang='lat' dir='ltr'>venire</span> <span class='ocrx_word' id='word_1_276' title='bbox 909 4218 1019 4296; x_wconf 89' lang='lat' dir='ltr'>posset</span> <span class='ocrx_word' id='word_1_277' title='bbox 1052 4216 1193 4280; x_wconf 86' lang='lat' dir='ltr'>amioum</span> <span class='ocrx_word' id='word_1_278' title='bbox 1214 4218 1352 4300; x_wconf 90' lang='lat' dir='ltr'>alloqui:</span> <span class='ocrx_word' id='word_1_279' title='bbox 1389 4238 1424 4296; x_wconf 91' lang='grc' dir='ltr'>,ο</span> 
     </span>
     <span class='ocr_line' id='line_1_34' title="bbox 251 4319 1425 4387; baseline 0.003 -4"><span class='ocrx_word' id='word_1_280' title='bbox 251 4320 378 4386; x_wconf 91' lang='lat' dir='ltr'>dierbre</span> <span class='ocrx_word' id='word_1_281' title='bbox 408 4321 540 4384; x_wconf 84' lang='lat' dir='ltr'>kruint&#39;’</span> <span class='ocrx_word' id='word_1_282' title='bbox 574 4320 610 4383; x_wconf 90' lang='lat' dir='ltr'>ln</span> <span class='ocrx_word' id='word_1_283' title='bbox 641 4320 760 4384; x_wconf 89' lang='lat' dir='ltr'>talibus</span> <span class='ocrx_word' id='word_1_284' title='bbox 792 4319 1007 4383; x_wconf 85' lang='lat' dir='ltr'>locutionibus</span> <span class='ocrx_word' id='word_1_285' title='bbox 1039 4320 1202 4386; x_wconf 91' lang='lat' dir='ltr'>Homerus</span> <span class='ocrx_word' id='word_1_286' title='bbox 1224 4322 1326 4386; x_wconf 91' lang='lat' dir='ltr'>utitur</span> <span class='ocrx_word' id='word_1_287' title='bbox 1345 4342 1425 4387; x_wconf 83' lang='lat' dir='ltr'>voce</span> 
     </span>
     <span class='ocr_line' id='line_1_35' title="bbox 250 4430 481 4507; baseline 0.009 -19"><span class='ocrx_word' id='word_1_288' title='bbox 250 4430 380 4506; x_wconf 78' lang='grc' dir='ltr'>κεφαλή,</span> <span class='ocrx_word' id='word_1_289' title='bbox 404 4445 430 4491; x_wconf 90' lang='lat' dir='ltr'>e.</span> <span class='ocrx_word' id='word_1_290' title='bbox 452 4445 481 4507; x_wconf 85' lang='lat' dir='ltr'>g.</span> 
     </span>
    </p>
   </div>
   <div class='ocr_carea' id='block_1_6' title="bbox 0 0 1692 5250">
    <p class='ocr_par' dir='ltr' id='par_1_11' title="bbox 0 0 1692 5250">
     <span class='ocr_line' id='line_1_36' title="bbox 0 0 1692 5250; baseline 0 0"><span class='ocrx_word' id='word_1_291' title='bbox 0 0 1692 5250; x_wconf 95' lang='lat' dir='ltr'> </span> 
     </span>
    </p>
   </div>
  </div>
 </body>
</html>
