3360 5250
811 507 850 572 57

240 683 294 748 καὶ
305 687 423 763 πρόμοι.
435 685 528 750 Eum.
540 685 600 749 399
613 707 620 749 :
642 685 773 766 Ἀχαιῶν
784 687 908 764 ἄκτορές
920 708 954 747 τε
967 687 1015 750 καί
1026 690 1146 766 πρόμοι,
1169 687 1215 752 Cf.
1229 687 1339 769 Suppl.
1351 687 1420 751 904.

285 791 398 872 Neque
429 791 592 872 discrepat
623 793 783 856 Enarrrors
815 813 835 858 a
865 792 999 875 reliquis
1031 793 1160 875 tragicis
1192 793 1260 876 lph.
1281 793 1319 857 A.
1341 795 1420 858 699:

241 896 381 986 Ὀινὼνης
410 899 539 974 πρόμον,
571 897 618 961 Cf.
650 897 773 961 Phoen.
798 899 895 976 1450,
924 899 978 962 Tr.
1001 901 1058 977 31,
1082 899 1208 962 Heracl.
1230 900 1299 964 670.

286 1000 359 1064 Non
380 1000 496 1082 legitur
517 1002 605 1082 apud
626 1001 780 1066 Pomanus
803 1003 863 1066 hoc
883 1003 1088 1067 vocabulum.

739 1185 898 1192 ψ-.
904 1185 931 1190 ..-

779 1297 891 1365 Ἀοιδος

244 1423 336 1505 apud
359 1423 514 1489 Horonon
536 1428 584 1488 cst
605 1433 696 1504 calce,
718 1426 771 1506 qui
794 1426 929 1506 gloriam
952 1427 1039 1490 canit
1061 1427 1197 1490 deorum
1219 1426 1420 1504 ethereum,

242 1530 297 1594 vir
317 1531 606 1610 honoratissime,
628 1531 683 1612 qui
704 1532 897 1612 plerumque
918 1532 951 1595 in
972 1551 1086 1612 regum
1108 1531 1183 1595 aula
1203 1531 1305 1594 vitam
1324 1530 1420 1610 degit.

243 1636 296 1699 lla
317 1636 545 1716 Agamemnon
564 1635 699 1698 Troiam
722 1636 924 1714 profecturus
945 1637 1012 1701 vati
1034 1635 1214 1700 custodiam
1226 1635 1334 1698 uxoris
1347 1633 1420 1716 Cly·

246 1742 469 1805 taemnestrae
492 1741 629 1804 mandat
650 1762 675 1816 γ
695 1741 754 1803 007
776 1761 843 1822 sm:
1353 1753 1356 1758 ·

411 1861 473 1935 πάρ
494 1861 555 1937 γάρ
577 1860 623 1931 ἐἠν
644 1861 692 1924 καὶ
715 1859 809 1931 ἀοιδές
829 1862 911 1936 ἀνήρ,
936 1852 957 1939 ᾧ
977 1865 1069 1923 πολλ’
1092 1861 1252 1923 ἐπέτελλεν

408 1967 567 2042 Ἀτρείδης
587 1967 723 2042 Τροίηνδε
745 1965 811 2030 κιὼν
833 1967 965 2043 εἴρνοὲαι
987 1969 1104 2032 ἀκοιτιν.

288 2079 388 2144 Vates
409 2083 636 2144 sacrosanctus
658 2082 706 2143 est
727 2083 759 2142 et
780 2081 908 2161 saepius
929 2085 1065 2144 vocatur
1086 2089 1165 2150 θεῖος
1186 2103 1205 2140 α
1228 2079 1305 2158 336,
1326 2080 1345 2140 δ
1369 2078 1422 2156 17,

246 2189 276 2244 ἓ
297 2184 356 2262 43,
378 2205 402 2264 χ
423 2184 484 2247 344
504 2205 573 2266 sqq.
606 2184 687 2260 ‚Non
710 2185 751 2246 ab
773 2186 904 2249 homine
926 2187 1055 2250 mortali
1078 2190 1182 2249 artem
1194 2205 1288 2249 suam
1301 2183 1422 2258 didicit,

247 2289 329 2352 deus
350 2289 419 2370 ipse
440 2290 491 2353 vel
513 2292 607 2355 musa
628 2290 656 2358 ei
680 2290 786 2354 varios
806 2291 920 2353 modos
933 2291 964 2353 in
978 2291 1124 2354 animum
1136 2290 1347 2354 iniecit5480
1358 2308 1421 2370 sq.:

742 2410 832 2474 οὕνεκ’
854 2412 910 2487 ἀρα
932 2413 1024 2492 σφέας
1045 2417 1099 2488 (se.
1122 2411 1244 2490 ἀοιδοὺς)

248 2515 337 2592 eluar
357 2517 445 2592 μοῦσ’
468 2514 592 2597 insurge,
617 2520 730 2597 ’φίλησε
754 2515 786 2577 δέ
806 2517 1019 2599 palavicini,
1043 2517 1089 2582 Cf.
1103 2517 1178 2580 lbid·
1193 2517 1241 2580 73.
1307 2489 1318 2512 ·

292 2657 317 2716 χ
348 2637 405 2700 347
437 2658 485 2720 sq.
516 2638 671 2704 Phemius
700 2639 785 2702 inter
816 2639 894 2702 alias
923 2658 1034 2719 preces
1056 2639 1144 2702 hisce
1165 2637 1273 2701 verbis
1295 2637 1422 2701 Ulixem

251 2741 441 2823 alloquitur:

412 2863 626 2933 αὐτοδίδακτος
646 2865 674 2923 δ’
697 2867 763 2940 εἶμί,
786 2863 857 2934 θεὸς
877 2865 910 2925 δέ
930 2887 980 2941 μοι
1002 2862 1031 2924 έν
1051 2864 1150 2944 φρεσίν
1171 2864 1257 2940 οἴμας

411 2974 555 3037 παντοίοις
576 2967 699 3049 ένέροσε.

291 3090 364 3154 Uno
385 3091 455 3154 loco
476 3091 565 3152 ἀοιδοί
584 3094 661 3155 sunt
681 3099 836 3171 cantores,
858 3091 913 3174 qui
925 3091 967 3156 ad
979 3092 1140 3172 spondam
1152 3091 1292 3156 hominis
1304 3088 1424 3153 mortui

251 3195 502 3260 lamentationes
522 3197 675 3278 lugubres
697 3198 838 3262 fundunt
858 3198 895 3258 Ω
916 3198 975 3261 700
996 3217 1042 3279 sq.

292 3301 422 3366 Laliore
453 3321 550 3366 sensu
579 3301 758 3367 Sornoouns
779 3321 837 3382 per
858 3303 952 3362 ἀοιδόν
972 3303 1131 3383 significat
1151 3323 1278 3385 ιηοριιιη
1299 3304 1354 3386 qui
1374 3303 1425 3365 in·

252 3408 444 3471 cantationes
463 3409 663 3491 pronuntiat,
685 3408 806 3471 Trachi
829 3401 905 3470 1000
926 3427 1016 3488 sqq.:

536 3535 582 3598 τίς
602 3528 664 3604 γάρ
685 3529 790 3601 ἀοιδὸς,
813 3534 860 3598 τίς
882 3529 894 3587 ἀ
916 3528 1107 3609 χειροτέχνης

535 3636 673 3708 ιάτορίοις,
697 3632 727 3704 ές
748 3635 829 3701 τήνδ’
851 3635 926 3704 ἀτην

535 3739 624 3818 χωρὶς
645 3736 735 3808 Ζηνές
754 3742 975 3814 νοιτοινοηληόεις

295 3845 350 3908 ubi
372 3844 477 3908 Schol.
499 3843 593 3912 ἀοιδὸς
614 3845 752 3922 explicat
772 3842 893 3922 ἐπῳδός.

295 3949 368 4012 Alio
400 3949 498 4012 modo
530 3948 671 4030 SphiHX,
693 3949 772 4012 illud
794 3949 951 4026 παρθένιον
971 3949 1091 4024 πτέρον,
1115 3949 1354 4025 ἀμουσοτάταισι
1374 3950 1427 4010 σὺν

201 4085 205 4092 -
253 4054 352 4129 ᾠδαῖς,
388 4054 571 4136 appellatur
602 4053 706 4124 ἀοιδὸς,
740 4053 777 4117 Ο.
800 4055 838 4117 R.
861 4055 900 4116 35
921 4075 984 4136 §qs
1016 4053 1158 4133 έξέλνσοις
1179 4054 1256 4113 loro
1278 4055 1427 4129 Καδμεῖον

253 4160 357 4236 μολὼν
386 4165 524 4234 σκληρᾶς
543 4157 637 4217 ἀοιδοῦ
657 4158 787 4233 δασμόν,
809 4159 864 4221 ubi
886 4160 984 4222 schol.
1007 4163 1143 4222 annotat
1166 4157 1210 4217 ὅτι
1231 4157 1266 4217 τέ
1293 4159 1421 4230 „norton”

253 4264 382 4344 εὔφημον
403 4261 479 4336 ἐστι,
502 4263 673 4336 προσέθηκε
701 4264 881 4338 ,οηληράςᾞ
905 4261 919 4321 ἀ
938 4261 1003 4322 ἐστι
1015 4264 1172 4337 avortivo,
1185 4261 1230 4322 διά
1242 4259 1277 4321 τέ
1288 4263 1423 4338 αἴνιγμα·

253 4365 415 4448 ᾓφονικῆς.
