3312 5250
838 557 875 620 16

308 738 406 820 Apud
427 739 501 802 Eua.
524 740 556 802 et
576 737 663 802 Puto.
685 754 752 800 non
774 735 900 816 legitur.

312 844 346 907 tn
368 842 506 907 transitu
527 841 709 906 notandum
730 841 831 904 subsi.
852 841 961 914 θρόος,
985 839 1073 920 quod
1095 840 1129 904 in
1150 839 1362 922 scriptoribus
1388 859 1447 921 pe·

269 947 431 1012 destribus
452 948 750 1025 murmurationem,
773 946 956 1024 fremitum,
978 965 1135 1009 rumorem
1157 945 1317 1027 significat
1331 964 1444 1010 occur-

271 1071 343 1118 rere
365 1053 396 1113 Δ
416 1052 492 1116 437:

390 1180 421 1241 οἶν
441 1180 502 1257 γὰρ
524 1181 644 1240 πάντων
664 1166 713 1248 ἦεν
734 1175 807 1255 ὁμὸς
827 1179 916 1253 θρόος
937 1176 996 1238 οὐδ’
1017 1179 1045 1238 ta
1066 1187 1158 1254 γῆρυς

390 1283 472 1344 ἀλλὰ
493 1285 615 1360 γλῶσσ’
637 1281 804 1360 ἐμέμικτο,
827 1284 1011 1353 πολύκλητοι
1032 1283 1057 1341 δ’
1080 1281 1151 1343 ἔσαν
1171 1283 1292 1358 ἄνδρες,

269 1397 357 1466 unde
376 1401 467 1480 patet
487 1399 577 1473 θρόος
598 1397 755 1462 denotare
776 1398 939 1481 linquam,
963 1395 1148 1475 dialectum,
1170 1396 1204 1460 id
1225 1397 1314 1478 quod
1334 1396 1442 1462 Schol.

270 1505 303 1569 L.
326 1522 456 1586 quoque
477 1501 612 1566 innuere
634 1502 780 1566 videtur:
803 1503 921 1570 εἰκότως
941 1498 976 1560 τὸ
998 1499 1157 1576 βάρβαρον
1169 1499 1295 1578 θορυβεῖ
1307 1507 1439 1578 μᾶλλον,

271 1608 503 1686 ἑτερογλωσσον
518 1606 558 1667 ὀ’ν.

311 1715 385 1778 Non
406 1715 520 1794 legitur
541 1711 629 1793 apud
651 1711 764 1791 Seru,
795 1730 902 1793 neque
924 1710 1013 1792 apud
1035 1710 1188 1775 Ausonia.
1211 1713 1243 1776 et
1264 1711 1356 1788 Eua,
1386 1712 1444 1777 sed

270 1821 423 1884 Piuuuaus
444 1819 544 1882 habet
565 1837 662 1882 sensu
682 1819 752 1881 som
772 1817 864 1882 Nem.
886 1815 941 1880 vu
963 1816 1022 1880 81:
1053 1815 1226 1896 πολύφατον
1247 1815 1445 1894 θρόονόμνων

272 1926 346 1986 δόνει
366 1924 478 2002 ἁσυχᾷ.

314 2030 419 2094 Verba
439 2027 565 2104 θρέομαι
587 2032 617 2090 et
638 2027 731 2102 θροέω
753 2027 786 2090 in
807 2026 931 2090 Hourru
953 2025 1150 2091 carminibus
1162 2045 1229 2090 non
1241 2029 1363 2107 extant,
1386 2029 1445 2094 sed

272 2136 450 2200 Soerroorrs
472 2133 571 2196 verbo
582 2140 679 2207 θροεῖν
690 2132 799 2195 multis
810 2131 911 2195 utitur
922 2130 1008 2211 locis,
1020 2131 1117 2212 idque
1128 2150 1195 2196 non
1206 2132 1268 2196 nisi
1280 2137 1444 2214 praesenti

273 2245 305 2306 et
326 2239 455 2303 aoristo.
488 2238 628 2302 Sensum
650 2237 750 2301 habet
771 2236 925 2319 loquendi,
947 2257 973 2301 e.
986 2256 1014 2317 g.
1031 2236 1171 2300 Αἰ.591;
1193 2240 1286 2297 πόλλ’
1299 2238 1444 2316 imantia

273 2353 379 2421 θροεῖς.
402 2343 448 2408 Cf.
471 2343 552 2419 795,
573 2342 652 2421 864,
674 2341 741 2404 946.
763 2340 799 2405 Ο.
826 2341 860 2406 C.
883 2341 942 2405 597
964 2349 1025 2410 πᾶς
1043 2344 1132 2401 τοῦτὸ
1142 2345 1175 2417 γ’
1191 2345 1340 2412 Ἑλλήνων
1350 2354 1442 2422 θροεῖ,

274 2451 348 2514 haee
369 2449 509 2512 omnium
534 2446 727 2510 Graecorum
748 2466 887 2509 sermome
908 2445 1109 2510 celebrantur.
1134 2447 1279 2513 Clamare
1296 2455 1345 2514 est
1362 2453 1444 2519 Phil.

273 2554 352 2620 208:
374 2553 507 2627 διάσημον
528 2550 590 2628 γὰρ
611 2555 703 2628 θροεῖ,
727 2551 901 2615 euelamure
912 2551 957 2615 El.
972 2551 1071 2614 1459:
1093 2549 1151 2610 aaa
1162 2553 1238 2628 μάλ’
1249 2542 1285 2612 αὖ
1294 2562 1379 2631 θροεῖ
1386 2579 1441 2628 τις.

313 2659 493 2739 Utrumque
515 2660 625 2721 autem
645 2657 782 2720 verbum
803 2656 918 2738 legitur
941 2656 1028 2738 apud
1049 2657 1254 2723 Aasourauu:
1276 2659 1363 2743 Sept.
1388 2663 1443 2728 78:

272 2763 398 2840 θρέομαι
418 2760 531 2843 φοβερὰ
546 2763 661 2839 μεγάλ’
673 2762 736 2843 ἄχη
747 2762 766 2826 i.
778 2782 805 2826 e.
818 2763 929 2842 clatum·
941 2763 978 2827 cf.
990 2762 1049 2843 Ag.
1065 2764 1140 2827 1165
1152 2762 1256 2840 μινυρὰ
1266 2765 1442 2842 θρεομένας,

274 2871 331 2936 Ch·
363 2869 432 2948 970,
463 2851 574 2950 3111191.
610 2869 674 2932 111.
698 2902 736 2911 -
756 2868 863 2931 Prom.
895 2868 956 2930 608
987 2870 1086 2943 θρόει,
1106 2870 1197 2948 φράζε
1219 2879 1259 2951 τᾷ
1280 2871 1444 2952 δυσπλάνῳ

273 2973 433 3051 παρθένῳ,
466 2973 485 3036 i.
508 2992 534 3036 e.
556 2993 655 3036 vocem
677 2972 738 3048 ede,
761 2973 882 3055 toquere
904 2971 950 3037 Cf.
974 2973 1032 3054 Ag.
1057 2974 1134 3053 103,
1166 2975 1252 3055 1137,
1279 2977 1363 3056 1141,
1388 2977 1446 3042 Ch.

273 3081 342 3145 818.
373 3077 480 3142 Media
501 3077 607 3141 forma
627 3075 790 3141 invenitur
810 3078 900 3141 Eum.
924 3077 983 3141 510
1004 3081 1087 3138 τοῦτ’
1110 3077 1180 3148 ’έπος
1200 3081 1391 3158 θροούμενος,

313 3185 472 3250 Euarrious
492 3183 594 3247 habet
615 3182 750 3246 verbum
772 3183 900 3259 θρέομαι
920 3183 1003 3248 Med.
1027 3186 1084 3248 51:
1106 3183 1181 3250 αότὴ
1191 3186 1338 3261 θρεομένη
1347 3197 1446 3277 σαυτῇ

192 3317 193 3322 “
274 3292 364 3370 κοινὰ,
386 3288 424 3354 cf.
447 3288 544 3372 Hipp.
567 3287 635 3352 363.
667 3287 763 3364 Θροέω
786 3291 875 3352 extat
896 3287 950 3354 Or.
977 3289 1032 3353 187
1046 3291 1138 3366 θρόει,
1151 3294 1197 3360 τίς
1209 3300 1308 3354 κακῶν
1319 3291 1447 3354 τελευταὶ

274 3395 369 3474 μένεις
404 3394 450 3460 cf.
485 3393 561 3458 1148
592 3397 657 3453 τίνα
677 3401 774 3467 θροεῖς
795 3391 903 3468 atatim
928 3394 1025 3477 Hipp.
1046 3395 1115 3476 571,
1137 3395 1193 3460 Tr.
1218 3397 1305 3462 1139.
1337 3397 1449 3464 Βέρρου

274 3501 395 3566 indicat
416 3498 470 3565 Or.
494 3497 714 3579 11651χομεν,
737 3498 776 3568 ὡς
796 3503 904 3575 θροεῖς.
929 3499 976 3565 Cf.
1000 3501 1124 3566 Phoen.
1149 3503 1245 3584 1350,
1268 3502 1366 3586 Hipp.
1378 3503 1447 3584 111,

273 3607 373 3672 Rhes.
397 3605 444 3685 11,
465 3605 514 3684 38,
534 3604 614 3683 454,
636 3605 691 3669 Tr.
716 3605 793 3684 143,
817 3605 914 3685 1345,
938 3606 1004 3672 lon.
1028 3607 1096 3672 784.

314 3711 412 3794 Apud
432 3711 591 3776 Piuueauu
611 3711 694 3776 haec
713 3711 815 3776 verba
837 3716 912 3777 non'
928 3701 1127 3780 occurrunt(

315 4004 503 4084 Tractanda
523 4009 698 4088 supersunt
720 4005 1145 4090 aliavooabulaquaedam‚
1159 4007 1328 4091 quaelicet
1340 4008 1449 4074 minus

275 4115 339 4181 huc
360 4111 565 4195 pertineant,
589 4115 701 4176 tamen
722 4114 798 4194 apte
819 4114 881 4177 hoe
902 4113 972 4177 loco
984 4113 1082 4196 reoipi
1093 4117 1238 4197 possunt,
1253 4114 1361 4196 qualia
1373 4118 1449 4180 sunt

275 4217 354 4294 αἲνῶ,
377 4205 464 4292 αἶνος,
488 4215 627 4294 ἁράομοιι,
650 4215 718 4293 ἆρά,
742 4221 897 4295 λίσσομαι,
922 4222 1010 4280 λιταί.
1051 4220 1135 4284 Nam
1158 4240 1232 4285 cum
1254 4220 1325 4302 quis
1336 4221 1449 4287 laudat

276 4327 488 4406 precaturve,
514 4324 764 4388 admirationem
786 4343 881 4389 suam
902 4326 953 4390 vel
965 4325 1240 4407 supplicationem
1251 4345 1329 4391 voce
1341 4327 1448 4409 expri·
1513 4383 1515 4390 a

275 4448 365 4500 mere
387 4429 477 4495 solet.
511 4429 591 4496 Aliis
613 4429 719 4495 verbis
742 4429 869 4496 duobus
892 4431 1046 4513 cognatio,
1075 4451 1159 4514 quae
1175 4432 1330 4519 precuudi
1350 4451 1449 4500 sensu
